{
    "symbol": "ADBE",
    "annualReports": [
        {
            "fiscalDateEnding": "2022-12-02",
            "reportedCurrency": "USD",
            "grossProfit": "15441000000",
            "totalRevenue": "17606000000",
            "costOfRevenue": "2165000000",
            "costofGoodsAndServicesSold": "236000000",
            "operatingIncome": "6098000000",
            "sellingGeneralAndAdministrative": "6187000000",
            "researchAndDevelopment": "2987000000",
            "operatingExpenses": "9343000000",
            "investmentIncomeNet": "61000000",
            "netInterestIncome": "-112000000",
            "interestIncome": "61000000",
            "interestExpense": "112000000",
            "nonInterestIncome": "-21000000",
            "otherNonOperatingIncome": "41000000",
            "depreciation": "None",
            "depreciationAndAmortization": "594000000",
            "incomeBeforeTax": "6008000000",
            "incomeTaxExpense": "1252000000",
            "interestAndDebtExpense": "112000000",
            "netIncomeFromContinuingOperations": "4756000000",
            "comprehensiveIncomeNetOfTax": "4600000000",
            "ebit": "6120000000",
            "ebitda": "6714000000",
            "netIncome": "4756000000"
        },
        {
            "fiscalDateEnding": "2021-12-03",
            "reportedCurrency": "USD",
            "grossProfit": "13920000000",
            "totalRevenue": "15785000000",
            "costOfRevenue": "1865000000",
            "costofGoodsAndServicesSold": "181000000",
            "operatingIncome": "5802000000",
            "sellingGeneralAndAdministrative": "5406000000",
            "researchAndDevelopment": "2540000000",
            "operatingExpenses": "8118000000",
            "investmentIncomeNet": "17000000",
            "netInterestIncome": "-113000000",
            "interestIncome": "17000000",
            "interestExpense": "113000000",
            "nonInterestIncome": "-17000000",
            "otherNonOperatingIncome": "0",
            "depreciation": "None",
            "depreciationAndAmortization": "561000000",
            "incomeBeforeTax": "5705000000",
            "incomeTaxExpense": "883000000",
            "interestAndDebtExpense": "113000000",
            "netIncomeFromContinuingOperations": "4822000000",
            "comprehensiveIncomeNetOfTax": "4843000000",
            "ebit": "5818000000",
            "ebitda": "6379000000",
            "netIncome": "4822000000"
        },
        {
            "fiscalDateEnding": "2020-11-27",
            "reportedCurrency": "USD",
            "grossProfit": "11146000000",
            "totalRevenue": "12868000000",
            "costOfRevenue": "1722000000",
            "costofGoodsAndServicesSold": "205000000",
            "operatingIncome": "4237000000",
            "sellingGeneralAndAdministrative": "4559000000",
            "researchAndDevelopment": "2188000000",
            "operatingExpenses": "6909000000",
            "investmentIncomeNet": "43000000",
            "netInterestIncome": "-116000000",
            "interestIncome": "43000000",
            "interestExpense": "116000000",
            "nonInterestIncome": "-2000000",
            "otherNonOperatingIncome": "42000000",
            "depreciation": "None",
            "depreciationAndAmortization": "559000000",
            "incomeBeforeTax": "4176000000",
            "incomeTaxExpense": "-1084000000",
            "interestAndDebtExpense": "116000000",
            "netIncomeFromContinuingOperations": "5260000000",
            "comprehensiveIncomeNetOfTax": "5290000000",
            "ebit": "4292000000",
            "ebitda": "4851000000",
            "netIncome": "5260000000"
        },
        {
            "fiscalDateEnding": "2019-11-29",
            "reportedCurrency": "USD",
            "grossProfit": "9498000000",
            "totalRevenue": "11171000000",
            "costOfRevenue": "1673000000",
            "costofGoodsAndServicesSold": "227000000",
            "operatingIncome": "3268000000",
            "sellingGeneralAndAdministrative": "4124984000",
            "researchAndDevelopment": "1930228000",
            "operatingExpenses": "6230000000",
            "investmentIncomeNet": "68321000",
            "netInterestIncome": "-157214000",
            "interestIncome": "-214000",
            "interestExpense": "157000000",
            "nonInterestIncome": "-26252000",
            "otherNonOperatingIncome": "42255000",
            "depreciation": "None",
            "depreciationAndAmortization": "575400000",
            "incomeBeforeTax": "3205000000",
            "incomeTaxExpense": "254000000",
            "interestAndDebtExpense": "157214000",
            "netIncomeFromContinuingOperations": "2951458000",
            "comprehensiveIncomeNetOfTax": "2911000000",
            "ebit": "3362000000",
            "ebitda": "3937400000",
            "netIncome": "2951000000"
        },
        {
            "fiscalDateEnding": "2018-11-30",
            "reportedCurrency": "USD",
            "grossProfit": "7835000000",
            "totalRevenue": "9030000000",
            "costOfRevenue": "1195000000",
            "costofGoodsAndServicesSold": "91300000",
            "operatingIncome": "2840000000",
            "sellingGeneralAndAdministrative": "3365727000",
            "researchAndDevelopment": "1537812000",
            "operatingExpenses": "4995000000",
            "investmentIncomeNet": "92540000",
            "netInterestIncome": "-89242000",
            "interestIncome": "-242000",
            "interestExpense": "89000000",
            "nonInterestIncome": "-42612000",
            "otherNonOperatingIncome": "39536000",
            "depreciation": "None",
            "depreciationAndAmortization": "339700000",
            "incomeBeforeTax": "2794000000",
            "incomeTaxExpense": "203000000",
            "interestAndDebtExpense": "89242000",
            "netIncomeFromContinuingOperations": "2590774000",
            "comprehensiveIncomeNetOfTax": "2555000000",
            "ebit": "2883000000",
            "ebitda": "3222700000",
            "netIncome": "2591000000"
        }
    ],
    "quarterlyReports": [
        {
            "fiscalDateEnding": "2022-12-02",
            "reportedCurrency": "USD",
            "grossProfit": "3957000000",
            "totalRevenue": "4525000000",
            "costOfRevenue": "568000000",
            "costofGoodsAndServicesSold": "568000000",
            "operatingIncome": "1505000000",
            "sellingGeneralAndAdministrative": "340000000",
            "researchAndDevelopment": "773000000",
            "operatingExpenses": "2452000000",
            "investmentIncomeNet": "None",
            "netInterestIncome": "-28000000",
            "interestIncome": "None",
            "interestExpense": "28000000",
            "nonInterestIncome": "None",
            "otherNonOperatingIncome": "36000000",
            "depreciation": "None",
            "depreciationAndAmortization": "215000000",
            "incomeBeforeTax": "1517000000",
            "incomeTaxExpense": "341000000",
            "interestAndDebtExpense": "None",
            "netIncomeFromContinuingOperations": "1176000000",
            "comprehensiveIncomeNetOfTax": "1107000000",
            "ebit": "1545000000",
            "ebitda": "1760000000",
            "netIncome": "1176000000"
        },
        {
            "fiscalDateEnding": "2022-09-02",
            "reportedCurrency": "USD",
            "grossProfit": "3887000000",
            "totalRevenue": "4433000000",
            "costOfRevenue": "546000000",
            "costofGoodsAndServicesSold": "546000000",
            "operatingIncome": "1484000000",
            "sellingGeneralAndAdministrative": "319000000",
            "researchAndDevelopment": "775000000",
            "operatingExpenses": "2403000000",
            "investmentIncomeNet": "None",
            "netInterestIncome": "-28000000",
            "interestIncome": "None",
            "interestExpense": "28000000",
            "nonInterestIncome": "None",
            "otherNonOperatingIncome": "6000000",
            "depreciation": "None",
            "depreciationAndAmortization": "216000000",
            "incomeBeforeTax": "1456000000",
            "incomeTaxExpense": "320000000",
            "interestAndDebtExpense": "None",
            "netIncomeFromContinuingOperations": "1136000000",
            "comprehensiveIncomeNetOfTax": "1107000000",
            "ebit": "1484000000",
            "ebitda": "1700000000",
            "netIncome": "1136000000"
        },
        {
            "fiscalDateEnding": "2022-06-03",
            "reportedCurrency": "USD",
            "grossProfit": "3847000000",
            "totalRevenue": "4386000000",
            "costOfRevenue": "539000000",
            "costofGoodsAndServicesSold": "539000000",
            "operatingIncome": "1529000000",
            "sellingGeneralAndAdministrative": "291000000",
            "researchAndDevelopment": "738000000",
            "operatingExpenses": "2318000000",
            "investmentIncomeNet": "None",
            "netInterestIncome": "-28000000",
            "interestIncome": "None",
            "interestExpense": "28000000",
            "nonInterestIncome": "None",
            "otherNonOperatingIncome": "-1000000",
            "depreciation": "None",
            "depreciationAndAmortization": "212000000",
            "incomeBeforeTax": "1492000000",
            "incomeTaxExpense": "314000000",
            "interestAndDebtExpense": "None",
            "netIncomeFromContinuingOperations": "1178000000",
            "comprehensiveIncomeNetOfTax": "1160000000",
            "ebit": "1520000000",
            "ebitda": "1732000000",
            "netIncome": "1178000000"
        },
        {
            "fiscalDateEnding": "2022-03-04",
            "reportedCurrency": "USD",
            "grossProfit": "3750000000",
            "totalRevenue": "4262000000",
            "costOfRevenue": "512000000",
            "costofGoodsAndServicesSold": "512000000",
            "operatingIncome": "1580000000",
            "sellingGeneralAndAdministrative": "269000000",
            "researchAndDevelopment": "701000000",
            "operatingExpenses": "2170000000",
            "investmentIncomeNet": "None",
            "netInterestIncome": "-28000000",
            "interestIncome": "None",
            "interestExpense": "28000000",
            "nonInterestIncome": "None",
            "otherNonOperatingIncome": "0",
            "depreciation": "None",
            "depreciationAndAmortization": "213000000",
            "incomeBeforeTax": "1543000000",
            "incomeTaxExpense": "277000000",
            "interestAndDebtExpense": "None",
            "netIncomeFromContinuingOperations": "1266000000",
            "comprehensiveIncomeNetOfTax": "1226000000",
            "ebit": "1571000000",
            "ebitda": "1784000000",
            "netIncome": "1266000000"
        },
        {
            "fiscalDateEnding": "2021-12-03",
            "reportedCurrency": "USD",
            "grossProfit": "3603000000",
            "totalRevenue": "4110000000",
            "costOfRevenue": "507000000",
            "costofGoodsAndServicesSold": "51000000",
            "operatingIncome": "1501000000",
            "sellingGeneralAndAdministrative": "1405000000",
            "researchAndDevelopment": "657000000",
            "operatingExpenses": "2102000000",
            "investmentIncomeNet": "None",
            "netInterestIncome": "-28000000",
            "interestIncome": "None",
            "interestExpense": "28000000",
            "nonInterestIncome": "None",
            "otherNonOperatingIncome": "-1000000",
            "depreciation": "None",
            "depreciationAndAmortization": "299000000",
            "incomeBeforeTax": "1468000000",
            "incomeTaxExpense": "235000000",
            "interestAndDebtExpense": "28000000",
            "netIncomeFromContinuingOperations": "1233000000",
            "comprehensiveIncomeNetOfTax": "1227000000",
            "ebit": "1496000000",
            "ebitda": "1795000000",
            "netIncome": "1233000000"
        },
        {
            "fiscalDateEnding": "2021-09-03",
            "reportedCurrency": "USD",
            "grossProfit": "3468000000",
            "totalRevenue": "3935000000",
            "costOfRevenue": "467000000",
            "costofGoodsAndServicesSold": "40000000",
            "operatingIncome": "1441000000",
            "sellingGeneralAndAdministrative": "1333000000",
            "researchAndDevelopment": "651000000",
            "operatingExpenses": "2027000000",
            "investmentIncomeNet": "None",
            "netInterestIncome": "-27000000",
            "interestIncome": "None",
            "interestExpense": "27000000",
            "nonInterestIncome": "None",
            "otherNonOperatingIncome": "-3000000",
            "depreciation": "None",
            "depreciationAndAmortization": "83000000",
            "incomeBeforeTax": "1418000000",
            "incomeTaxExpense": "206000000",
            "interestAndDebtExpense": "27000000",
            "netIncomeFromContinuingOperations": "1212000000",
            "comprehensiveIncomeNetOfTax": "1202000000",
            "ebit": "1445000000",
            "ebitda": "1528000000",
            "netIncome": "1212000000"
        },
        {
            "fiscalDateEnding": "2021-06-04",
            "reportedCurrency": "USD",
            "grossProfit": "3391000000",
            "totalRevenue": "3835000000",
            "costOfRevenue": "444000000",
            "costofGoodsAndServicesSold": "44000000",
            "operatingIncome": "1406000000",
            "sellingGeneralAndAdministrative": "1329000000",
            "researchAndDevelopment": "612000000",
            "operatingExpenses": "1985000000",
            "investmentIncomeNet": "None",
            "netInterestIncome": "-28000000",
            "interestIncome": "None",
            "interestExpense": "28000000",
            "nonInterestIncome": "None",
            "otherNonOperatingIncome": "0",
            "depreciation": "None",
            "depreciationAndAmortization": "88000000",
            "incomeBeforeTax": "1386000000",
            "incomeTaxExpense": "270000000",
            "interestAndDebtExpense": "28000000",
            "netIncomeFromContinuingOperations": "1116000000",
            "comprehensiveIncomeNetOfTax": "1136000000",
            "ebit": "1414000000",
            "ebitda": "1502000000",
            "netIncome": "1116000000"
        },
        {
            "fiscalDateEnding": "2021-03-05",
            "reportedCurrency": "USD",
            "grossProfit": "3458000000",
            "totalRevenue": "3905000000",
            "costOfRevenue": "447000000",
            "costofGoodsAndServicesSold": "45000000",
            "operatingIncome": "1454000000",
            "sellingGeneralAndAdministrative": "1339000000",
            "researchAndDevelopment": "620000000",
            "operatingExpenses": "2004000000",
            "investmentIncomeNet": "None",
            "netInterestIncome": "-30000000",
            "interestIncome": "None",
            "interestExpense": "30000000",
            "nonInterestIncome": "None",
            "otherNonOperatingIncome": "4000000",
            "depreciation": "None",
            "depreciationAndAmortization": "90000000",
            "incomeBeforeTax": "1433000000",
            "incomeTaxExpense": "172000000",
            "interestAndDebtExpense": "30000000",
            "netIncomeFromContinuingOperations": "1261000000",
            "comprehensiveIncomeNetOfTax": "1278000000",
            "ebit": "1463000000",
            "ebitda": "1553000000",
            "netIncome": "1261000000"
        },
        {
            "fiscalDateEnding": "2020-11-27",
            "reportedCurrency": "USD",
            "grossProfit": "2996000000",
            "totalRevenue": "3424000000",
            "costOfRevenue": "428000000",
            "costofGoodsAndServicesSold": "47000000",
            "operatingIncome": "1215000000",
            "sellingGeneralAndAdministrative": "1184000000",
            "researchAndDevelopment": "558000000",
            "operatingExpenses": "1781000000",
            "investmentIncomeNet": "6000000",
            "netInterestIncome": "-27000000",
            "interestIncome": "6000000",
            "interestExpense": "27000000",
            "nonInterestIncome": "-3000000",
            "otherNonOperatingIncome": "3000000",
            "depreciation": "None",
            "depreciationAndAmortization": "278000000",
            "incomeBeforeTax": "1197000000",
            "incomeTaxExpense": "-1053000000",
            "interestAndDebtExpense": "27000000",
            "netIncomeFromContinuingOperations": "1197000000",
            "comprehensiveIncomeNetOfTax": "2245000000",
            "ebit": "1224000000",
            "ebitda": "1502000000",
            "netIncome": "2250000000"
        },
        {
            "fiscalDateEnding": "2020-08-28",
            "reportedCurrency": "USD",
            "grossProfit": "2798000000",
            "totalRevenue": "3225000000",
            "costOfRevenue": "427000000",
            "costofGoodsAndServicesSold": "51000000",
            "operatingIncome": "1069000000",
            "sellingGeneralAndAdministrative": "1122000000",
            "researchAndDevelopment": "566000000",
            "operatingExpenses": "1729000000",
            "investmentIncomeNet": "7000000",
            "netInterestIncome": "-28000000",
            "interestIncome": "7000000",
            "interestExpense": "28000000",
            "nonInterestIncome": "1000000",
            "otherNonOperatingIncome": "9000000",
            "depreciation": "None",
            "depreciationAndAmortization": "92000000",
            "incomeBeforeTax": "1060000000",
            "incomeTaxExpense": "105000000",
            "interestAndDebtExpense": "28000000",
            "netIncomeFromContinuingOperations": "955000000",
            "comprehensiveIncomeNetOfTax": "997000000",
            "ebit": "1088000000",
            "ebitda": "1180000000",
            "netIncome": "955000000"
        },
        {
            "fiscalDateEnding": "2020-05-29",
            "reportedCurrency": "USD",
            "grossProfit": "2713000000",
            "totalRevenue": "3128000000",
            "costOfRevenue": "415000000",
            "costofGoodsAndServicesSold": "52000000",
            "operatingIncome": "1016000000",
            "sellingGeneralAndAdministrative": "1125000000",
            "researchAndDevelopment": "532000000",
            "operatingExpenses": "1697000000",
            "investmentIncomeNet": "11000000",
            "netInterestIncome": "-28000000",
            "interestIncome": "11000000",
            "interestExpense": "28000000",
            "nonInterestIncome": "1000000",
            "otherNonOperatingIncome": "12000000",
            "depreciation": "None",
            "depreciationAndAmortization": "92000000",
            "incomeBeforeTax": "1000000000",
            "incomeTaxExpense": "-100000000",
            "interestAndDebtExpense": "28000000",
            "netIncomeFromContinuingOperations": "1100000000",
            "comprehensiveIncomeNetOfTax": "1094000000",
            "ebit": "1028000000",
            "ebitda": "1120000000",
            "netIncome": "1100000000"
        },
        {
            "fiscalDateEnding": "2020-02-28",
            "reportedCurrency": "USD",
            "grossProfit": "2639000000",
            "totalRevenue": "3091000000",
            "costOfRevenue": "452000000",
            "costofGoodsAndServicesSold": "54000000",
            "operatingIncome": "937000000",
            "sellingGeneralAndAdministrative": "1128000000",
            "researchAndDevelopment": "532000000",
            "operatingExpenses": "1702000000",
            "investmentIncomeNet": "19000000",
            "netInterestIncome": "-33000000",
            "interestIncome": "19000000",
            "interestExpense": "33000000",
            "nonInterestIncome": "-1000000",
            "otherNonOperatingIncome": "18000000",
            "depreciation": "None",
            "depreciationAndAmortization": "96000000",
            "incomeBeforeTax": "919000000",
            "incomeTaxExpense": "-36000000",
            "interestAndDebtExpense": "33000000",
            "netIncomeFromContinuingOperations": "955000000",
            "comprehensiveIncomeNetOfTax": "954000000",
            "ebit": "952000000",
            "ebitda": "1048000000",
            "netIncome": "955000000"
        },
        {
            "fiscalDateEnding": "2019-11-29",
            "reportedCurrency": "USD",
            "grossProfit": "2540000000",
            "totalRevenue": "2992000000",
            "costOfRevenue": "452000000",
            "costofGoodsAndServicesSold": "54800000",
            "operatingIncome": "970000000",
            "sellingGeneralAndAdministrative": "1027526000",
            "researchAndDevelopment": "499806000",
            "operatingExpenses": "1570000000",
            "investmentIncomeNet": "18212000",
            "netInterestIncome": "-36515000",
            "interestIncome": "-515000",
            "interestExpense": "36000000",
            "nonInterestIncome": "588000",
            "otherNonOperatingIncome": "18255000",
            "depreciation": "None",
            "depreciationAndAmortization": "270700000",
            "incomeBeforeTax": "958000000",
            "incomeTaxExpense": "106000000",
            "interestAndDebtExpense": "36515000",
            "netIncomeFromContinuingOperations": "957147000",
            "comprehensiveIncomeNetOfTax": "857000000",
            "ebit": "994000000",
            "ebitda": "1264700000",
            "netIncome": "852000000"
        },
        {
            "fiscalDateEnding": "2019-08-30",
            "reportedCurrency": "USD",
            "grossProfit": "2418000000",
            "totalRevenue": "2834000000",
            "costOfRevenue": "416000000",
            "costofGoodsAndServicesSold": "58800000",
            "operatingIncome": "854000000",
            "sellingGeneralAndAdministrative": "1031570000",
            "researchAndDevelopment": "489827000",
            "operatingExpenses": "1564000000",
            "investmentIncomeNet": "17760000",
            "netInterestIncome": "-39529000",
            "interestIncome": "471000",
            "interestExpense": "40000000",
            "nonInterestIncome": "-1292000",
            "otherNonOperatingIncome": "17000000",
            "depreciation": "None",
            "depreciationAndAmortization": "101800000",
            "incomeBeforeTax": "835000000",
            "incomeTaxExpense": "42000000",
            "interestAndDebtExpense": "39529000",
            "netIncomeFromContinuingOperations": "792763000",
            "comprehensiveIncomeNetOfTax": "743000000",
            "ebit": "875000000",
            "ebitda": "976800000",
            "netIncome": "793000000"
        },
        {
            "fiscalDateEnding": "2019-05-31",
            "reportedCurrency": "USD",
            "grossProfit": "2337000000",
            "totalRevenue": "2744000000",
            "costOfRevenue": "407000000",
            "costofGoodsAndServicesSold": "55400000",
            "operatingIncome": "750000000",
            "sellingGeneralAndAdministrative": "1068261000",
            "researchAndDevelopment": "475958000",
            "operatingExpenses": "1587000000",
            "investmentIncomeNet": "16278000",
            "netInterestIncome": "-40577000",
            "interestIncome": "-577000",
            "interestExpense": "40000000",
            "nonInterestIncome": "-13692000",
            "otherNonOperatingIncome": "2558000",
            "depreciation": "None",
            "depreciationAndAmortization": "98400000",
            "incomeBeforeTax": "711000000",
            "incomeTaxExpense": "78000000",
            "interestAndDebtExpense": "40577000",
            "netIncomeFromContinuingOperations": "632593000",
            "comprehensiveIncomeNetOfTax": "639000000",
            "ebit": "751000000",
            "ebitda": "849400000",
            "netIncome": "633000000"
        },
        {
            "fiscalDateEnding": "2019-03-01",
            "reportedCurrency": "USD",
            "grossProfit": "2204000000",
            "totalRevenue": "2601000000",
            "costOfRevenue": "397000000",
            "costofGoodsAndServicesSold": "58000000",
            "operatingIncome": "695000000",
            "sellingGeneralAndAdministrative": "997000000",
            "researchAndDevelopment": "465000000",
            "operatingExpenses": "1509000000",
            "investmentIncomeNet": "16000000",
            "netInterestIncome": "-41000000",
            "interestIncome": "16071000",
            "interestExpense": "41000000",
            "nonInterestIncome": "-12000000",
            "otherNonOperatingIncome": "4000000",
            "depreciation": "None",
            "depreciationAndAmortization": "105000000",
            "incomeBeforeTax": "702000000",
            "incomeTaxExpense": "28000000",
            "interestAndDebtExpense": "41000000",
            "netIncomeFromContinuingOperations": "702334000",
            "comprehensiveIncomeNetOfTax": "672000000",
            "ebit": "743000000",
            "ebitda": "848000000",
            "netIncome": "674000000"
        },
        {
            "fiscalDateEnding": "2018-11-30",
            "reportedCurrency": "USD",
            "grossProfit": "2105364000",
            "totalRevenue": "2464625000",
            "costOfRevenue": "359262000",
            "costofGoodsAndServicesSold": "-744438000",
            "operatingIncome": "720177000",
            "sellingGeneralAndAdministrative": "935928000",
            "researchAndDevelopment": "415958000",
            "operatingExpenses": "1385178000",
            "investmentIncomeNet": "22578000",
            "netInterestIncome": "-27873000",
            "interestIncome": "-242000",
            "interestExpense": "27631000",
            "nonInterestIncome": "-12152000",
            "otherNonOperatingIncome": "9657000",
            "depreciation": "None",
            "depreciationAndAmortization": "224200000",
            "incomeBeforeTax": "699115000",
            "incomeTaxExpense": "20875000",
            "interestAndDebtExpense": "27873000",
            "netIncomeFromContinuingOperations": "699217000",
            "comprehensiveIncomeNetOfTax": "658693000",
            "ebit": "726746000",
            "ebitda": "950946000",
            "netIncome": "678240000"
        },
        {
            "fiscalDateEnding": "2018-08-31",
            "reportedCurrency": "USD",
            "grossProfit": "1995584000",
            "totalRevenue": "2291076000",
            "costOfRevenue": "295492000",
            "costofGoodsAndServicesSold": "295492000",
            "operatingIncome": "718606000",
            "sellingGeneralAndAdministrative": "854147000",
            "researchAndDevelopment": "398957000",
            "operatingExpenses": "1276978000",
            "investmentIncomeNet": "21561000",
            "netInterestIncome": "-21107000",
            "interestIncome": "None",
            "interestExpense": "21107000",
            "nonInterestIncome": "-10349000",
            "otherNonOperatingIncome": "1608000",
            "depreciation": "None",
            "depreciationAndAmortization": "47000000",
            "incomeBeforeTax": "701358000",
            "incomeTaxExpense": "35067000",
            "interestAndDebtExpense": "21107000",
            "netIncomeFromContinuingOperations": "666291000",
            "comprehensiveIncomeNetOfTax": "667473000",
            "ebit": "722465000",
            "ebitda": "769465000",
            "netIncome": "666291000"
        },
        {
            "fiscalDateEnding": "2018-06-01",
            "reportedCurrency": "USD",
            "grossProfit": "1914016000",
            "totalRevenue": "2195360000",
            "costOfRevenue": "281344000",
            "costofGoodsAndServicesSold": "17400000",
            "operatingIncome": "698484000",
            "sellingGeneralAndAdministrative": "824255000",
            "researchAndDevelopment": "374128000",
            "operatingExpenses": "1215532000",
            "investmentIncomeNet": "25771000",
            "netInterestIncome": "-20363000",
            "interestIncome": "None",
            "interestExpense": "20363000",
            "nonInterestIncome": "-14222000",
            "otherNonOperatingIncome": "11599000",
            "depreciation": "None",
            "depreciationAndAmortization": "34600000",
            "incomeBeforeTax": "690799000",
            "incomeTaxExpense": "27632000",
            "interestAndDebtExpense": "20363000",
            "netIncomeFromContinuingOperations": "690799000",
            "comprehensiveIncomeNetOfTax": "643876000",
            "ebit": "711162000",
            "ebitda": "745762000",
            "netIncome": "663167000"
        },
        {
            "fiscalDateEnding": "2018-03-02",
            "reportedCurrency": "USD",
            "grossProfit": "1820045000",
            "totalRevenue": "2078947000",
            "costOfRevenue": "258902000",
            "costofGoodsAndServicesSold": "16700000",
            "operatingIncome": "702733000",
            "sellingGeneralAndAdministrative": "751397000",
            "researchAndDevelopment": "348769000",
            "operatingExpenses": "1117312000",
            "investmentIncomeNet": "22630000",
            "netInterestIncome": "-19899000",
            "interestIncome": "None",
            "interestExpense": "19899000",
            "nonInterestIncome": "-5889000",
            "otherNonOperatingIncome": "52000",
            "depreciation": "None",
            "depreciationAndAmortization": "33900000",
            "incomeBeforeTax": "702502000",
            "incomeTaxExpense": "119426000",
            "interestAndDebtExpense": "19899000",
            "netIncomeFromContinuingOperations": "702502000",
            "comprehensiveIncomeNetOfTax": "584958000",
            "ebit": "722401000",
            "ebitda": "756301000",
            "netIncome": "583076000"
        }
    ]
}