{
    "symbol": "AME",
    "annualReports": [
        {
            "fiscalDateEnding": "2022-12-31",
            "reportedCurrency": "USD",
            "grossProfit": "1101663000",
            "totalRevenue": "6070928000",
            "costOfRevenue": "4969265000",
            "costofGoodsAndServicesSold": "4005261000",
            "operatingIncome": "1500692000",
            "sellingGeneralAndAdministrative": "644577000",
            "researchAndDevelopment": "198800000",
            "operatingExpenses": "1162920000",
            "investmentIncomeNet": "1000000",
            "netInterestIncome": "-83186000",
            "interestIncome": "83186000",
            "interestExpense": "83186000",
            "nonInterestIncome": "6154114000",
            "otherNonOperatingIncome": "11186000",
            "depreciation": "113700000",
            "depreciationAndAmortization": "319427000",
            "incomeBeforeTax": "1428692000",
            "incomeTaxExpense": "269150000",
            "interestAndDebtExpense": "83186000",
            "netIncomeFromContinuingOperations": "1159542000",
            "comprehensiveIncomeNetOfTax": "1055041000",
            "ebit": "1511878000",
            "ebitda": "1831305000",
            "netIncome": "1159542000"
        },
        {
            "fiscalDateEnding": "2021-12-31",
            "reportedCurrency": "USD",
            "grossProfit": "942526000",
            "totalRevenue": "5472482000",
            "costOfRevenue": "4529956000",
            "costofGoodsAndServicesSold": "3633900000",
            "operatingIncome": "1308670000",
            "sellingGeneralAndAdministrative": "603944000",
            "researchAndDevelopment": "194200000",
            "operatingExpenses": "1085107000",
            "investmentIncomeNet": "2000000",
            "netInterestIncome": "-80381000",
            "interestIncome": "80381000",
            "interestExpense": "80381000",
            "nonInterestIncome": "5552863000",
            "otherNonOperatingIncome": "-5119000",
            "depreciation": "108500000",
            "depreciationAndAmortization": "292112000",
            "incomeBeforeTax": "1223170000",
            "incomeTaxExpense": "233117000",
            "interestAndDebtExpense": "80381000",
            "netIncomeFromContinuingOperations": "990053000",
            "comprehensiveIncomeNetOfTax": "1024077000",
            "ebit": "1303551000",
            "ebitda": "1595663000",
            "netIncome": "990053000"
        },
        {
            "fiscalDateEnding": "2020-12-31",
            "reportedCurrency": "USD",
            "grossProfit": "783667000",
            "totalRevenue": "4594987000",
            "costOfRevenue": "3811320000",
            "costofGoodsAndServicesSold": "2996515000",
            "operatingIncome": "1027884000",
            "sellingGeneralAndAdministrative": "515630000",
            "researchAndDevelopment": "158900000",
            "operatingExpenses": "829485000",
            "investmentIncomeNet": "2700000",
            "netInterestIncome": "-86062000",
            "interestIncome": "86062000",
            "interestExpense": "86062000",
            "nonInterestIncome": "4681049000",
            "otherNonOperatingIncome": "140487000",
            "depreciation": "101300000",
            "depreciationAndAmortization": "255275000",
            "incomeBeforeTax": "1082309000",
            "incomeTaxExpense": "209870000",
            "interestAndDebtExpense": "86062000",
            "netIncomeFromContinuingOperations": "872439000",
            "comprehensiveIncomeNetOfTax": "901110000",
            "ebit": "1168371000",
            "ebitda": "1423646000",
            "netIncome": "872439000"
        },
        {
            "fiscalDateEnding": "2019-12-31",
            "reportedCurrency": "USD",
            "grossProfit": "854857000",
            "totalRevenue": "5070076000",
            "costOfRevenue": "4215219000",
            "costofGoodsAndServicesSold": "3370897000",
            "operatingIncome": "1177380000",
            "sellingGeneralAndAdministrative": "610280000",
            "researchAndDevelopment": "161900000",
            "operatingExpenses": "1009022000",
            "investmentIncomeNet": "4600000",
            "netInterestIncome": "-88481000",
            "interestIncome": "88481000",
            "interestExpense": "88481000",
            "nonInterestIncome": "5158557000",
            "otherNonOperatingIncome": "-19151000",
            "depreciation": "101400000",
            "depreciationAndAmortization": "234042000",
            "incomeBeforeTax": "1069748000",
            "incomeTaxExpense": "208451000",
            "interestAndDebtExpense": "88481000",
            "netIncomeFromContinuingOperations": "861297000",
            "comprehensiveIncomeNetOfTax": "879246000",
            "ebit": "1158229000",
            "ebitda": "1392271000",
            "netIncome": "861297000"
        },
        {
            "fiscalDateEnding": "2018-12-31",
            "reportedCurrency": "USD",
            "grossProfit": "793870000",
            "totalRevenue": "4763692000",
            "costOfRevenue": "3969822000",
            "costofGoodsAndServicesSold": "3186310000",
            "operatingIncome": "1075540000",
            "sellingGeneralAndAdministrative": "584022000",
            "researchAndDevelopment": "141000000",
            "operatingExpenses": "924512000",
            "investmentIncomeNet": "2000000",
            "netInterestIncome": "-82180000",
            "interestIncome": "82180000",
            "interestExpense": "82180000",
            "nonInterestIncome": "4845872000",
            "otherNonOperatingIncome": "-5615000",
            "depreciation": "85400000",
            "depreciationAndAmortization": "199490000",
            "incomeBeforeTax": "987745000",
            "incomeTaxExpense": "209812000",
            "interestAndDebtExpense": "82180000",
            "netIncomeFromContinuingOperations": "777933000",
            "comprehensiveIncomeNetOfTax": "656021000",
            "ebit": "1069925000",
            "ebitda": "1269415000",
            "netIncome": "777933000"
        }
    ],
    "quarterlyReports": [
        {
            "fiscalDateEnding": "2022-12-31",
            "reportedCurrency": "USD",
            "grossProfit": "286610000",
            "totalRevenue": "1602646000",
            "costOfRevenue": "1316036000",
            "costofGoodsAndServicesSold": "1063657000",
            "operatingIncome": "398090000",
            "sellingGeneralAndAdministrative": "163920000",
            "researchAndDevelopment": "None",
            "operatingExpenses": "454879000",
            "investmentIncomeNet": "None",
            "netInterestIncome": "-23021000",
            "interestIncome": "23021000",
            "interestExpense": "23021000",
            "nonInterestIncome": "1625667000",
            "otherNonOperatingIncome": "3434000",
            "depreciation": "None",
            "depreciationAndAmortization": "88459000",
            "incomeBeforeTax": "378503000",
            "incomeTaxExpense": "71422000",
            "interestAndDebtExpense": "23021000",
            "netIncomeFromContinuingOperations": "307081000",
            "comprehensiveIncomeNetOfTax": "360139000",
            "ebit": "401524000",
            "ebitda": "489983000",
            "netIncome": "307081000"
        },
        {
            "fiscalDateEnding": "2022-09-30",
            "reportedCurrency": "USD",
            "grossProfit": "364275000",
            "totalRevenue": "1531541000",
            "costOfRevenue": "1167266000",
            "costofGoodsAndServicesSold": "1004596000",
            "operatingIncome": "384520000",
            "sellingGeneralAndAdministrative": "162670000",
            "researchAndDevelopment": "None",
            "operatingExpenses": "162670000",
            "investmentIncomeNet": "None",
            "netInterestIncome": "-20245000",
            "interestIncome": "20245000",
            "interestExpense": "20245000",
            "nonInterestIncome": "1551786000",
            "otherNonOperatingIncome": "3227000",
            "depreciation": "None",
            "depreciationAndAmortization": "75750000",
            "incomeBeforeTax": "367502000",
            "incomeTaxExpense": "69861000",
            "interestAndDebtExpense": "20245000",
            "netIncomeFromContinuingOperations": "297641000",
            "comprehensiveIncomeNetOfTax": "215568000",
            "ebit": "387747000",
            "ebitda": "463497000",
            "netIncome": "297641000"
        },
        {
            "fiscalDateEnding": "2022-06-30",
            "reportedCurrency": "USD",
            "grossProfit": "344492000",
            "totalRevenue": "1494202000",
            "costOfRevenue": "1149710000",
            "costofGoodsAndServicesSold": "988175000",
            "operatingIncome": "364842000",
            "sellingGeneralAndAdministrative": "161535000",
            "researchAndDevelopment": "None",
            "operatingExpenses": "161535000",
            "investmentIncomeNet": "None",
            "netInterestIncome": "-20350000",
            "interestIncome": "20350000",
            "interestExpense": "20350000",
            "nonInterestIncome": "1514552000",
            "otherNonOperatingIncome": "1973000",
            "depreciation": "None",
            "depreciationAndAmortization": "77097000",
            "incomeBeforeTax": "346465000",
            "incomeTaxExpense": "64092000",
            "interestAndDebtExpense": "20350000",
            "netIncomeFromContinuingOperations": "282373000",
            "comprehensiveIncomeNetOfTax": "222033000",
            "ebit": "366815000",
            "ebitda": "443912000",
            "netIncome": "282373000"
        },
        {
            "fiscalDateEnding": "2022-03-31",
            "reportedCurrency": "USD",
            "grossProfit": "255549000",
            "totalRevenue": "1438955000",
            "costOfRevenue": "1183406000",
            "costofGoodsAndServicesSold": "948833000",
            "operatingIncome": "353240000",
            "sellingGeneralAndAdministrative": "156452000",
            "researchAndDevelopment": "None",
            "operatingExpenses": "234573000",
            "investmentIncomeNet": "None",
            "netInterestIncome": "-19570000",
            "interestIncome": "19570000",
            "interestExpense": "19570000",
            "nonInterestIncome": "1458525000",
            "otherNonOperatingIncome": "2552000",
            "depreciation": "None",
            "depreciationAndAmortization": "78121000",
            "incomeBeforeTax": "336222000",
            "incomeTaxExpense": "63775000",
            "interestAndDebtExpense": "19570000",
            "netIncomeFromContinuingOperations": "272447000",
            "comprehensiveIncomeNetOfTax": "257301000",
            "ebit": "355792000",
            "ebitda": "433913000",
            "netIncome": "272447000"
        },
        {
            "fiscalDateEnding": "2021-12-31",
            "reportedCurrency": "USD",
            "grossProfit": "263017000",
            "totalRevenue": "1483229000",
            "costOfRevenue": "1220212000",
            "costofGoodsAndServicesSold": "982394000",
            "operatingIncome": "361151000",
            "sellingGeneralAndAdministrative": "160200000",
            "researchAndDevelopment": "None",
            "operatingExpenses": "433218000",
            "investmentIncomeNet": "None",
            "netInterestIncome": "-20516000",
            "interestIncome": "20516000",
            "interestExpense": "20516000",
            "nonInterestIncome": "1503745000",
            "otherNonOperatingIncome": "-1344000",
            "depreciation": "None",
            "depreciationAndAmortization": "77618000",
            "incomeBeforeTax": "339291000",
            "incomeTaxExpense": "57610000",
            "interestAndDebtExpense": "20516000",
            "netIncomeFromContinuingOperations": "281681000",
            "comprehensiveIncomeNetOfTax": "335502000",
            "ebit": "359807000",
            "ebitda": "437425000",
            "netIncome": "281681000"
        },
        {
            "fiscalDateEnding": "2021-09-30",
            "reportedCurrency": "USD",
            "grossProfit": "317087000",
            "totalRevenue": "1420205000",
            "costOfRevenue": "1103118000",
            "costofGoodsAndServicesSold": "949402000",
            "operatingIncome": "337563000",
            "sellingGeneralAndAdministrative": "153716000",
            "researchAndDevelopment": "None",
            "operatingExpenses": "153716000",
            "investmentIncomeNet": "None",
            "netInterestIncome": "-20476000",
            "interestIncome": "20476000",
            "interestExpense": "20476000",
            "nonInterestIncome": "1440681000",
            "otherNonOperatingIncome": "2581000",
            "depreciation": "None",
            "depreciationAndAmortization": "74680000",
            "incomeBeforeTax": "319668000",
            "incomeTaxExpense": "62208000",
            "interestAndDebtExpense": "20476000",
            "netIncomeFromContinuingOperations": "257460000",
            "comprehensiveIncomeNetOfTax": "240076000",
            "ebit": "340144000",
            "ebitda": "414824000",
            "netIncome": "257460000"
        },
        {
            "fiscalDateEnding": "2021-06-30",
            "reportedCurrency": "USD",
            "grossProfit": "296169000",
            "totalRevenue": "1365904000",
            "costOfRevenue": "1069735000",
            "costofGoodsAndServicesSold": "912712000",
            "operatingIncome": "316611000",
            "sellingGeneralAndAdministrative": "157023000",
            "researchAndDevelopment": "None",
            "operatingExpenses": "157023000",
            "investmentIncomeNet": "None",
            "netInterestIncome": "-20442000",
            "interestIncome": "20442000",
            "interestExpense": "20442000",
            "nonInterestIncome": "1386346000",
            "otherNonOperatingIncome": "-4414000",
            "depreciation": "None",
            "depreciationAndAmortization": "75197000",
            "incomeBeforeTax": "291755000",
            "incomeTaxExpense": "60076000",
            "interestAndDebtExpense": "20442000",
            "netIncomeFromContinuingOperations": "231679000",
            "comprehensiveIncomeNetOfTax": "237673000",
            "ebit": "312197000",
            "ebitda": "387394000",
            "netIncome": "231679000"
        },
        {
            "fiscalDateEnding": "2021-03-31",
            "reportedCurrency": "USD",
            "grossProfit": "209781000",
            "totalRevenue": "1196795000",
            "costOfRevenue": "987014000",
            "costofGoodsAndServicesSold": "789392000",
            "operatingIncome": "293345000",
            "sellingGeneralAndAdministrative": "133005000",
            "researchAndDevelopment": "None",
            "operatingExpenses": "190822000",
            "investmentIncomeNet": "None",
            "netInterestIncome": "-18947000",
            "interestIncome": "18947000",
            "interestExpense": "18947000",
            "nonInterestIncome": "1215742000",
            "otherNonOperatingIncome": "-1942000",
            "depreciation": "None",
            "depreciationAndAmortization": "64617000",
            "incomeBeforeTax": "272456000",
            "incomeTaxExpense": "53223000",
            "interestAndDebtExpense": "18947000",
            "netIncomeFromContinuingOperations": "219233000",
            "comprehensiveIncomeNetOfTax": "210826000",
            "ebit": "291403000",
            "ebitda": "356020000",
            "netIncome": "219233000"
        },
        {
            "fiscalDateEnding": "2020-12-31",
            "reportedCurrency": "USD",
            "grossProfit": "213771000",
            "totalRevenue": "1179482000",
            "costOfRevenue": "965711000",
            "costofGoodsAndServicesSold": "769968000",
            "operatingIncome": "298113000",
            "sellingGeneralAndAdministrative": "130866000",
            "researchAndDevelopment": "None",
            "operatingExpenses": "351443000",
            "investmentIncomeNet": "None",
            "netInterestIncome": "-19465000",
            "interestIncome": "19465000",
            "interestExpense": "19465000",
            "nonInterestIncome": "1198947000",
            "otherNonOperatingIncome": "-1941000",
            "depreciation": "None",
            "depreciationAndAmortization": "64877000",
            "incomeBeforeTax": "276707000",
            "incomeTaxExpense": "55682000",
            "interestAndDebtExpense": "19465000",
            "netIncomeFromContinuingOperations": "221025000",
            "comprehensiveIncomeNetOfTax": "250202000",
            "ebit": "296172000",
            "ebitda": "361049000",
            "netIncome": "221025000"
        },
        {
            "fiscalDateEnding": "2020-09-30",
            "reportedCurrency": "USD",
            "grossProfit": "249554000",
            "totalRevenue": "1105755000",
            "costOfRevenue": "856201000",
            "costofGoodsAndServicesSold": "732705000",
            "operatingIncome": "270741000",
            "sellingGeneralAndAdministrative": "123496000",
            "researchAndDevelopment": "None",
            "operatingExpenses": "116696000",
            "investmentIncomeNet": "None",
            "netInterestIncome": "-21187000",
            "interestIncome": "21187000",
            "interestExpense": "21187000",
            "nonInterestIncome": "1126942000",
            "otherNonOperatingIncome": "-1479000",
            "depreciation": "None",
            "depreciationAndAmortization": "62994000",
            "incomeBeforeTax": "248075000",
            "incomeTaxExpense": "43494000",
            "interestAndDebtExpense": "21187000",
            "netIncomeFromContinuingOperations": "204581000",
            "comprehensiveIncomeNetOfTax": "229713000",
            "ebit": "269262000",
            "ebitda": "332256000",
            "netIncome": "204581000"
        },
        {
            "fiscalDateEnding": "2020-06-30",
            "reportedCurrency": "USD",
            "grossProfit": "204321000",
            "totalRevenue": "989253000",
            "costOfRevenue": "784932000",
            "costofGoodsAndServicesSold": "669195000",
            "operatingIncome": "226990000",
            "sellingGeneralAndAdministrative": "115737000",
            "researchAndDevelopment": "None",
            "operatingExpenses": "108937000",
            "investmentIncomeNet": "None",
            "netInterestIncome": "-22669000",
            "interestIncome": "22669000",
            "interestExpense": "22669000",
            "nonInterestIncome": "1011922000",
            "otherNonOperatingIncome": "2131000",
            "depreciation": "None",
            "depreciationAndAmortization": "61337000",
            "incomeBeforeTax": "206452000",
            "incomeTaxExpense": "40235000",
            "interestAndDebtExpense": "22669000",
            "netIncomeFromContinuingOperations": "166217000",
            "comprehensiveIncomeNetOfTax": "183178000",
            "ebit": "229121000",
            "ebitda": "290458000",
            "netIncome": "166217000"
        },
        {
            "fiscalDateEnding": "2020-03-31",
            "reportedCurrency": "USD",
            "grossProfit": "328152000",
            "totalRevenue": "1320497000",
            "costOfRevenue": "992345000",
            "costofGoodsAndServicesSold": "824647000",
            "operatingIncome": "232040000",
            "sellingGeneralAndAdministrative": "145531000",
            "researchAndDevelopment": "None",
            "operatingExpenses": "26678000",
            "investmentIncomeNet": "None",
            "netInterestIncome": "-22741000",
            "interestIncome": "22741000",
            "interestExpense": "22741000",
            "nonInterestIncome": "1343238000",
            "otherNonOperatingIncome": "141776000",
            "depreciation": "None",
            "depreciationAndAmortization": "66067000",
            "incomeBeforeTax": "351075000",
            "incomeTaxExpense": "70459000",
            "interestAndDebtExpense": "22741000",
            "netIncomeFromContinuingOperations": "280616000",
            "comprehensiveIncomeNetOfTax": "238017000",
            "ebit": "373816000",
            "ebitda": "439883000",
            "netIncome": "280616000"
        },
        {
            "fiscalDateEnding": "2019-12-31",
            "reportedCurrency": "USD",
            "grossProfit": "1304821000",
            "totalRevenue": "1304821000",
            "costOfRevenue": "1071273000",
            "costofGoodsAndServicesSold": "858175000",
            "operatingIncome": "297655000",
            "sellingGeneralAndAdministrative": "148991000",
            "researchAndDevelopment": "None",
            "operatingExpenses": "377798000",
            "investmentIncomeNet": "None",
            "netInterestIncome": "-23045000",
            "interestIncome": "23045000",
            "interestExpense": "23045000",
            "nonInterestIncome": "1304821000",
            "otherNonOperatingIncome": "-6630000",
            "depreciation": "None",
            "depreciationAndAmortization": "64107000",
            "incomeBeforeTax": "267980000",
            "incomeTaxExpense": "47203000",
            "interestAndDebtExpense": "23045000",
            "netIncomeFromContinuingOperations": "297655000",
            "comprehensiveIncomeNetOfTax": "246111000",
            "ebit": "291025000",
            "ebitda": "355132000",
            "netIncome": "220777000"
        },
        {
            "fiscalDateEnding": "2019-09-30",
            "reportedCurrency": "USD",
            "grossProfit": "279748000",
            "totalRevenue": "1255325000",
            "costOfRevenue": "975577000",
            "costofGoodsAndServicesSold": "823262000",
            "operatingIncome": "301056000",
            "sellingGeneralAndAdministrative": "152315000",
            "researchAndDevelopment": "None",
            "operatingExpenses": "152315000",
            "investmentIncomeNet": "None",
            "netInterestIncome": "-21308000",
            "interestIncome": "21308000",
            "interestExpense": "21308000",
            "nonInterestIncome": "1276633000",
            "otherNonOperatingIncome": "-5517000",
            "depreciation": "None",
            "depreciationAndAmortization": "55262000",
            "incomeBeforeTax": "274231000",
            "incomeTaxExpense": "53482000",
            "interestAndDebtExpense": "21308000",
            "netIncomeFromContinuingOperations": "220749000",
            "comprehensiveIncomeNetOfTax": "198102000",
            "ebit": "295539000",
            "ebitda": "350801000",
            "netIncome": "220749000"
        },
        {
            "fiscalDateEnding": "2019-06-30",
            "reportedCurrency": "USD",
            "grossProfit": "273935000",
            "totalRevenue": "1267937000",
            "costOfRevenue": "994002000",
            "costofGoodsAndServicesSold": "838153000",
            "operatingIncome": "295410000",
            "sellingGeneralAndAdministrative": "155849000",
            "researchAndDevelopment": "None",
            "operatingExpenses": "155849000",
            "investmentIncomeNet": "None",
            "netInterestIncome": "-21475000",
            "interestIncome": "21475000",
            "interestExpense": "21475000",
            "nonInterestIncome": "1289412000",
            "otherNonOperatingIncome": "-3336000",
            "depreciation": "None",
            "depreciationAndAmortization": "57173000",
            "incomeBeforeTax": "270599000",
            "incomeTaxExpense": "55096000",
            "interestAndDebtExpense": "21475000",
            "netIncomeFromContinuingOperations": "215503000",
            "comprehensiveIncomeNetOfTax": "219752000",
            "ebit": "292074000",
            "ebitda": "349247000",
            "netIncome": "215503000"
        },
        {
            "fiscalDateEnding": "2019-03-31",
            "reportedCurrency": "USD",
            "grossProfit": "203106000",
            "totalRevenue": "1265038000",
            "costOfRevenue": "1061932000",
            "costofGoodsAndServicesSold": "851307000",
            "operatingIncome": "283259000",
            "sellingGeneralAndAdministrative": "153125000",
            "researchAndDevelopment": "None",
            "operatingExpenses": "210625000",
            "investmentIncomeNet": "None",
            "netInterestIncome": "-22653000",
            "interestIncome": "22653000",
            "interestExpense": "22653000",
            "nonInterestIncome": "1287691000",
            "otherNonOperatingIncome": "-3668000",
            "depreciation": "None",
            "depreciationAndAmortization": "57500000",
            "incomeBeforeTax": "256938000",
            "incomeTaxExpense": "52670000",
            "interestAndDebtExpense": "22653000",
            "netIncomeFromContinuingOperations": "204268000",
            "comprehensiveIncomeNetOfTax": "215281000",
            "ebit": "279591000",
            "ebitda": "337091000",
            "netIncome": "204268000"
        },
        {
            "fiscalDateEnding": "2018-12-31",
            "reportedCurrency": "USD",
            "grossProfit": "1271328000",
            "totalRevenue": "1271328000",
            "costOfRevenue": "1042891000",
            "costofGoodsAndServicesSold": "835268000",
            "operatingIncome": "282020000",
            "sellingGeneralAndAdministrative": "154040000",
            "researchAndDevelopment": "None",
            "operatingExpenses": "348623000",
            "investmentIncomeNet": "None",
            "netInterestIncome": "-20319000",
            "interestIncome": "None",
            "interestExpense": "20319000",
            "nonInterestIncome": "1271328000",
            "otherNonOperatingIncome": "-2931000",
            "depreciation": "None",
            "depreciationAndAmortization": "53583000",
            "incomeBeforeTax": "258770000",
            "incomeTaxExpense": "47250000",
            "interestAndDebtExpense": "20319000",
            "netIncomeFromContinuingOperations": "282020000",
            "comprehensiveIncomeNetOfTax": "116636000",
            "ebit": "279089000",
            "ebitda": "332672000",
            "netIncome": "211520000"
        },
        {
            "fiscalDateEnding": "2018-09-30",
            "reportedCurrency": "USD",
            "grossProfit": "245875000",
            "totalRevenue": "1173571000",
            "costOfRevenue": "927696000",
            "costofGoodsAndServicesSold": "782994000",
            "operatingIncome": "265266000",
            "sellingGeneralAndAdministrative": "144702000",
            "researchAndDevelopment": "None",
            "operatingExpenses": "144702000",
            "investmentIncomeNet": "None",
            "netInterestIncome": "-19391000",
            "interestIncome": "None",
            "interestExpense": "19391000",
            "nonInterestIncome": "1192962000",
            "otherNonOperatingIncome": "-945000",
            "depreciation": "None",
            "depreciationAndAmortization": "48130000",
            "incomeBeforeTax": "244930000",
            "incomeTaxExpense": "53717000",
            "interestAndDebtExpense": "19391000",
            "netIncomeFromContinuingOperations": "191213000",
            "comprehensiveIncomeNetOfTax": "189089000",
            "ebit": "264321000",
            "ebitda": "312451000",
            "netIncome": "191213000"
        },
        {
            "fiscalDateEnding": "2018-06-30",
            "reportedCurrency": "USD",
            "grossProfit": "249302000",
            "totalRevenue": "1188151000",
            "costOfRevenue": "938849000",
            "costofGoodsAndServicesSold": "791248000",
            "operatingIncome": "270086000",
            "sellingGeneralAndAdministrative": "147601000",
            "researchAndDevelopment": "None",
            "operatingExpenses": "147601000",
            "investmentIncomeNet": "None",
            "netInterestIncome": "-20784000",
            "interestIncome": "None",
            "interestExpense": "20784000",
            "nonInterestIncome": "1208935000",
            "otherNonOperatingIncome": "-1081000",
            "depreciation": "None",
            "depreciationAndAmortization": "48943000",
            "incomeBeforeTax": "248221000",
            "incomeTaxExpense": "54361000",
            "interestAndDebtExpense": "20784000",
            "netIncomeFromContinuingOperations": "193860000",
            "comprehensiveIncomeNetOfTax": "154538000",
            "ebit": "269005000",
            "ebitda": "317948000",
            "netIncome": "193860000"
        },
        {
            "fiscalDateEnding": "2018-03-31",
            "reportedCurrency": "USD",
            "grossProfit": "187648000",
            "totalRevenue": "1150961000",
            "costOfRevenue": "963313000",
            "costofGoodsAndServicesSold": "776800000",
            "operatingIncome": "258168000",
            "sellingGeneralAndAdministrative": "137679000",
            "researchAndDevelopment": "None",
            "operatingExpenses": "186513000",
            "investmentIncomeNet": "None",
            "netInterestIncome": "-21686000",
            "interestIncome": "None",
            "interestExpense": "21686000",
            "nonInterestIncome": "1172647000",
            "otherNonOperatingIncome": "-658000",
            "depreciation": "None",
            "depreciationAndAmortization": "48834000",
            "incomeBeforeTax": "235824000",
            "incomeTaxExpense": "54484000",
            "interestAndDebtExpense": "21686000",
            "netIncomeFromContinuingOperations": "181340000",
            "comprehensiveIncomeNetOfTax": "195758000",
            "ebit": "257510000",
            "ebitda": "306344000",
            "netIncome": "181340000"
        }
    ]
}