{
    "symbol": "AMGN",
    "annualReports": [
        {
            "fiscalDateEnding": "2022-12-31",
            "reportedCurrency": "USD",
            "grossProfit": "36285000000",
            "totalRevenue": "51272000000",
            "costOfRevenue": "14987000000",
            "costofGoodsAndServicesSold": "6406000000",
            "operatingIncome": "9566000000",
            "sellingGeneralAndAdministrative": "5414000000",
            "researchAndDevelopment": "4434000000",
            "operatingExpenses": "13518000000",
            "investmentIncomeNet": "None",
            "netInterestIncome": "-1406000000",
            "interestIncome": "None",
            "interestExpense": "1406000000",
            "nonInterestIncome": "52646000000",
            "otherNonOperatingIncome": "-814000000",
            "depreciation": "661000000",
            "depreciationAndAmortization": "2600000000",
            "incomeBeforeTax": "7346000000",
            "incomeTaxExpense": "794000000",
            "interestAndDebtExpense": "1406000000",
            "netIncomeFromContinuingOperations": "5661000000",
            "comprehensiveIncomeNetOfTax": "7117000000",
            "ebit": "9566000000",
            "ebitda": "11352000000",
            "netIncome": "6552000000"
        },
        {
            "fiscalDateEnding": "2021-12-31",
            "reportedCurrency": "USD",
            "grossProfit": "36377000000",
            "totalRevenue": "50799000000",
            "costOfRevenue": "14422000000",
            "costofGoodsAndServicesSold": "6454000000",
            "operatingIncome": "7639000000",
            "sellingGeneralAndAdministrative": "5368000000",
            "researchAndDevelopment": "6324000000",
            "operatingExpenses": "14486000000",
            "investmentIncomeNet": "None",
            "netInterestIncome": "-1197000000",
            "interestIncome": "None",
            "interestExpense": "1197000000",
            "nonInterestIncome": "51958000000",
            "otherNonOperatingIncome": "259000000",
            "depreciation": "644000000",
            "depreciationAndAmortization": "2600000000",
            "incomeBeforeTax": "6701000000",
            "incomeTaxExpense": "808000000",
            "interestAndDebtExpense": "1197000000",
            "netIncomeFromContinuingOperations": "5893000000",
            "comprehensiveIncomeNetOfTax": "6082000000",
            "ebit": "7639000000",
            "ebitda": "10498000000",
            "netIncome": "5893000000"
        },
        {
            "fiscalDateEnding": "2020-12-31",
            "reportedCurrency": "USD",
            "grossProfit": "18081000000",
            "totalRevenue": "25424000000",
            "costOfRevenue": "7343000000",
            "costofGoodsAndServicesSold": "6159000000",
            "operatingIncome": "9139000000",
            "sellingGeneralAndAdministrative": "5730000000",
            "researchAndDevelopment": "4207000000",
            "operatingExpenses": "12926000000",
            "investmentIncomeNet": "None",
            "netInterestIncome": "-1262000000",
            "interestIncome": "256000000",
            "interestExpense": "1262000000",
            "nonInterestIncome": "25424000000",
            "otherNonOperatingIncome": "256000000",
            "depreciation": "640000000",
            "depreciationAndAmortization": "2800000000",
            "incomeBeforeTax": "8133000000",
            "incomeTaxExpense": "869000000",
            "interestAndDebtExpense": "1262000000",
            "netIncomeFromContinuingOperations": "7264000000",
            "comprehensiveIncomeNetOfTax": "6807000000",
            "ebit": "9139000000",
            "ebitda": "12195000000",
            "netIncome": "7264000000"
        },
        {
            "fiscalDateEnding": "2019-12-31",
            "reportedCurrency": "USD",
            "grossProfit": "17848000000",
            "totalRevenue": "23362000000",
            "costOfRevenue": "5514000000",
            "costofGoodsAndServicesSold": "4356000000",
            "operatingIncome": "9674000000",
            "sellingGeneralAndAdministrative": "5150000000",
            "researchAndDevelopment": "4116000000",
            "operatingExpenses": "10732000000",
            "investmentIncomeNet": "None",
            "netInterestIncome": "-1289000000",
            "interestIncome": "753000000",
            "interestExpense": "1289000000",
            "nonInterestIncome": "23362000000",
            "otherNonOperatingIncome": "753000000",
            "depreciation": "635000000",
            "depreciationAndAmortization": "1400000000",
            "incomeBeforeTax": "9138000000",
            "incomeTaxExpense": "1296000000",
            "interestAndDebtExpense": "1289000000",
            "netIncomeFromContinuingOperations": "7842000000",
            "comprehensiveIncomeNetOfTax": "8083000000",
            "ebit": "9674000000",
            "ebitda": "11827000000",
            "netIncome": "7842000000"
        },
        {
            "fiscalDateEnding": "2018-12-31",
            "reportedCurrency": "USD",
            "grossProfit": "18432000000",
            "totalRevenue": "23747000000",
            "costOfRevenue": "5315000000",
            "costofGoodsAndServicesSold": "4101000000",
            "operatingIncome": "10263000000",
            "sellingGeneralAndAdministrative": "5332000000",
            "researchAndDevelopment": "3737000000",
            "operatingExpenses": "10683000000",
            "investmentIncomeNet": "None",
            "netInterestIncome": "-1392000000",
            "interestIncome": "674000000",
            "interestExpense": "1392000000",
            "nonInterestIncome": "23747000000",
            "otherNonOperatingIncome": "674000000",
            "depreciation": "630000000",
            "depreciationAndAmortization": "1300000000",
            "incomeBeforeTax": "9545000000",
            "incomeTaxExpense": "1151000000",
            "interestAndDebtExpense": "1392000000",
            "netIncomeFromContinuingOperations": "8394000000",
            "comprehensiveIncomeNetOfTax": "8313000000",
            "ebit": "10263000000",
            "ebitda": "12237000000",
            "netIncome": "8394000000"
        }
    ],
    "quarterlyReports": [
        {
            "fiscalDateEnding": "2022-12-31",
            "reportedCurrency": "USD",
            "grossProfit": "78000000",
            "totalRevenue": "78000000",
            "costOfRevenue": "4021000000",
            "costofGoodsAndServicesSold": "1747000000",
            "operatingIncome": "2230000000",
            "sellingGeneralAndAdministrative": "1572000000",
            "researchAndDevelopment": "1324000000",
            "operatingExpenses": "4101000000",
            "investmentIncomeNet": "None",
            "netInterestIncome": "-415000000",
            "interestIncome": "None",
            "interestExpense": "415000000",
            "nonInterestIncome": "78000000",
            "otherNonOperatingIncome": "-67000000",
            "depreciation": "None",
            "depreciationAndAmortization": "700000000",
            "incomeBeforeTax": "1748000000",
            "incomeTaxExpense": "132000000",
            "interestAndDebtExpense": "-78000000",
            "netIncomeFromContinuingOperations": "78000000",
            "comprehensiveIncomeNetOfTax": "2037000000",
            "ebit": "2230000000",
            "ebitda": "2863000000",
            "netIncome": "1616000000"
        },
        {
            "fiscalDateEnding": "2022-09-30",
            "reportedCurrency": "USD",
            "grossProfit": "2859000000",
            "totalRevenue": "6362000000",
            "costOfRevenue": "3503000000",
            "costofGoodsAndServicesSold": "1588000000",
            "operatingIncome": "2660000000",
            "sellingGeneralAndAdministrative": "1287000000",
            "researchAndDevelopment": "1112000000",
            "operatingExpenses": "3027000000",
            "investmentIncomeNet": "None",
            "netInterestIncome": "-368000000",
            "interestIncome": "None",
            "interestExpense": "368000000",
            "nonInterestIncome": "6730000000",
            "otherNonOperatingIncome": "100000000",
            "depreciation": "None",
            "depreciationAndAmortization": "628000000",
            "incomeBeforeTax": "2392000000",
            "incomeTaxExpense": "249000000",
            "interestAndDebtExpense": "290000000",
            "netIncomeFromContinuingOperations": "2143000000",
            "comprehensiveIncomeNetOfTax": "2163000000",
            "ebit": "2660000000",
            "ebitda": "3388000000",
            "netIncome": "2143000000"
        },
        {
            "fiscalDateEnding": "2022-06-30",
            "reportedCurrency": "USD",
            "grossProfit": "2800000000",
            "totalRevenue": "6266000000",
            "costOfRevenue": "3466000000",
            "costofGoodsAndServicesSold": "1510000000",
            "operatingIncome": "2176000000",
            "sellingGeneralAndAdministrative": "1327000000",
            "researchAndDevelopment": "1039000000",
            "operatingExpenses": "2995000000",
            "investmentIncomeNet": "None",
            "netInterestIncome": "-328000000",
            "interestIncome": "None",
            "interestExpense": "328000000",
            "nonInterestIncome": "6594000000",
            "otherNonOperatingIncome": "-317000000",
            "depreciation": "None",
            "depreciationAndAmortization": "629000000",
            "incomeBeforeTax": "1531000000",
            "incomeTaxExpense": "214000000",
            "interestAndDebtExpense": "328000000",
            "netIncomeFromContinuingOperations": "1317000000",
            "comprehensiveIncomeNetOfTax": "1408000000",
            "ebit": "2176000000",
            "ebitda": "2488000000",
            "netIncome": "1317000000"
        },
        {
            "fiscalDateEnding": "2022-03-31",
            "reportedCurrency": "USD",
            "grossProfit": "2517000000",
            "totalRevenue": "5943000000",
            "costOfRevenue": "3426000000",
            "costofGoodsAndServicesSold": "1561000000",
            "operatingIncome": "2500000000",
            "sellingGeneralAndAdministrative": "1228000000",
            "researchAndDevelopment": "959000000",
            "operatingExpenses": "2824000000",
            "investmentIncomeNet": "None",
            "netInterestIncome": "-295000000",
            "interestIncome": "None",
            "interestExpense": "295000000",
            "nonInterestIncome": "6238000000",
            "otherNonOperatingIncome": "-530000000",
            "depreciation": "None",
            "depreciationAndAmortization": "637000000",
            "incomeBeforeTax": "1675000000",
            "incomeTaxExpense": "199000000",
            "interestAndDebtExpense": "295000000",
            "netIncomeFromContinuingOperations": "1171000000",
            "comprehensiveIncomeNetOfTax": "1509000000",
            "ebit": "2500000000",
            "ebitda": "2607000000",
            "netIncome": "1476000000"
        },
        {
            "fiscalDateEnding": "2021-12-31",
            "reportedCurrency": "USD",
            "grossProfit": "28685000000",
            "totalRevenue": "32528000000",
            "costOfRevenue": "3843000000",
            "costofGoodsAndServicesSold": "1718000000",
            "operatingIncome": "2304000000",
            "sellingGeneralAndAdministrative": "1425000000",
            "researchAndDevelopment": "1348000000",
            "operatingExpenses": "3524000000",
            "investmentIncomeNet": "None",
            "netInterestIncome": "-335000000",
            "interestIncome": "None",
            "interestExpense": "335000000",
            "nonInterestIncome": "32825000000",
            "otherNonOperatingIncome": "162000000",
            "depreciation": "None",
            "depreciationAndAmortization": "700000000",
            "incomeBeforeTax": "2131000000",
            "incomeTaxExpense": "232000000",
            "interestAndDebtExpense": "335000000",
            "netIncomeFromContinuingOperations": "1899000000",
            "comprehensiveIncomeNetOfTax": "1911000000",
            "ebit": "2304000000",
            "ebitda": "3166000000",
            "netIncome": "1899000000"
        },
        {
            "fiscalDateEnding": "2021-09-30",
            "reportedCurrency": "USD",
            "grossProfit": "2854000000",
            "totalRevenue": "6410000000",
            "costOfRevenue": "3556000000",
            "costofGoodsAndServicesSold": "1609000000",
            "operatingIncome": "2378000000",
            "sellingGeneralAndAdministrative": "1305000000",
            "researchAndDevelopment": "1422000000",
            "operatingExpenses": "3361000000",
            "investmentIncomeNet": "None",
            "netInterestIncome": "-296000000",
            "interestIncome": "None",
            "interestExpense": "296000000",
            "nonInterestIncome": "6706000000",
            "otherNonOperatingIncome": "73000000",
            "depreciation": "None",
            "depreciationAndAmortization": "642000000",
            "incomeBeforeTax": "2155000000",
            "incomeTaxExpense": "271000000",
            "interestAndDebtExpense": "296000000",
            "netIncomeFromContinuingOperations": "1884000000",
            "comprehensiveIncomeNetOfTax": "1944000000",
            "ebit": "2378000000",
            "ebitda": "3093000000",
            "netIncome": "1884000000"
        },
        {
            "fiscalDateEnding": "2021-06-30",
            "reportedCurrency": "USD",
            "grossProfit": "2853000000",
            "totalRevenue": "6526000000",
            "costOfRevenue": "3673000000",
            "costofGoodsAndServicesSold": "1637000000",
            "operatingIncome": "828000000",
            "sellingGeneralAndAdministrative": "1384000000",
            "researchAndDevelopment": "2587000000",
            "operatingExpenses": "4713000000",
            "investmentIncomeNet": "None",
            "netInterestIncome": "-281000000",
            "interestIncome": "None",
            "interestExpense": "281000000",
            "nonInterestIncome": "6526000000",
            "otherNonOperatingIncome": "11000000",
            "depreciation": "None",
            "depreciationAndAmortization": "652000000",
            "incomeBeforeTax": "558000000",
            "incomeTaxExpense": "94000000",
            "interestAndDebtExpense": "281000000",
            "netIncomeFromContinuingOperations": "464000000",
            "comprehensiveIncomeNetOfTax": "429000000",
            "ebit": "828000000",
            "ebitda": "1491000000",
            "netIncome": "464000000"
        },
        {
            "fiscalDateEnding": "2021-03-31",
            "reportedCurrency": "USD",
            "grossProfit": "2503000000",
            "totalRevenue": "5901000000",
            "costOfRevenue": "3398000000",
            "costofGoodsAndServicesSold": "1490000000",
            "operatingIncome": "2129000000",
            "sellingGeneralAndAdministrative": "1254000000",
            "researchAndDevelopment": "967000000",
            "operatingExpenses": "2936000000",
            "investmentIncomeNet": "None",
            "netInterestIncome": "-285000000",
            "interestIncome": "None",
            "interestExpense": "285000000",
            "nonInterestIncome": "5901000000",
            "otherNonOperatingIncome": "13000000",
            "depreciation": "None",
            "depreciationAndAmortization": "654000000",
            "incomeBeforeTax": "1857000000",
            "incomeTaxExpense": "211000000",
            "interestAndDebtExpense": "285000000",
            "netIncomeFromContinuingOperations": "1646000000",
            "comprehensiveIncomeNetOfTax": "1798000000",
            "ebit": "2129000000",
            "ebitda": "2796000000",
            "netIncome": "1646000000"
        },
        {
            "fiscalDateEnding": "2020-12-31",
            "reportedCurrency": "USD",
            "grossProfit": "4737000000",
            "totalRevenue": "6634000000",
            "costOfRevenue": "1897000000",
            "costofGoodsAndServicesSold": "1597000000",
            "operatingIncome": "2008000000",
            "sellingGeneralAndAdministrative": "1773000000",
            "researchAndDevelopment": "1229000000",
            "operatingExpenses": "3729000000",
            "investmentIncomeNet": "None",
            "netInterestIncome": "-318000000",
            "interestIncome": "187000000",
            "interestExpense": "318000000",
            "nonInterestIncome": "6634000000",
            "otherNonOperatingIncome": "187000000",
            "depreciation": "None",
            "depreciationAndAmortization": "700000000",
            "incomeBeforeTax": "1877000000",
            "incomeTaxExpense": "262000000",
            "interestAndDebtExpense": "318000000",
            "netIncomeFromContinuingOperations": "4737000000",
            "comprehensiveIncomeNetOfTax": "1533000000",
            "ebit": "2008000000",
            "ebitda": "2895000000",
            "netIncome": "1615000000"
        },
        {
            "fiscalDateEnding": "2020-09-30",
            "reportedCurrency": "USD",
            "grossProfit": "4543000000",
            "totalRevenue": "6423000000",
            "costOfRevenue": "1880000000",
            "costofGoodsAndServicesSold": "1561000000",
            "operatingIncome": "2453000000",
            "sellingGeneralAndAdministrative": "1346000000",
            "researchAndDevelopment": "1062000000",
            "operatingExpenses": "3117000000",
            "investmentIncomeNet": "None",
            "netInterestIncome": "-302000000",
            "interestIncome": "55000000",
            "interestExpense": "302000000",
            "nonInterestIncome": "6423000000",
            "otherNonOperatingIncome": "55000000",
            "depreciation": "None",
            "depreciationAndAmortization": "708000000",
            "incomeBeforeTax": "2206000000",
            "incomeTaxExpense": "185000000",
            "interestAndDebtExpense": "302000000",
            "netIncomeFromContinuingOperations": "2021000000",
            "comprehensiveIncomeNetOfTax": "1901000000",
            "ebit": "2453000000",
            "ebitda": "3216000000",
            "netIncome": "2021000000"
        },
        {
            "fiscalDateEnding": "2020-06-30",
            "reportedCurrency": "USD",
            "grossProfit": "4420000000",
            "totalRevenue": "6206000000",
            "costOfRevenue": "1786000000",
            "costofGoodsAndServicesSold": "1488000000",
            "operatingIncome": "2323000000",
            "sellingGeneralAndAdministrative": "1295000000",
            "researchAndDevelopment": "964000000",
            "operatingExpenses": "3108000000",
            "investmentIncomeNet": "None",
            "netInterestIncome": "-296000000",
            "interestIncome": "3000000",
            "interestExpense": "296000000",
            "nonInterestIncome": "None",
            "otherNonOperatingIncome": "3000000",
            "depreciation": "None",
            "depreciationAndAmortization": "713000000",
            "incomeBeforeTax": "2030000000",
            "incomeTaxExpense": "227000000",
            "interestAndDebtExpense": "296000000",
            "netIncomeFromContinuingOperations": "1803000000",
            "comprehensiveIncomeNetOfTax": "1682000000",
            "ebit": "2323000000",
            "ebitda": "3039000000",
            "netIncome": "1803000000"
        },
        {
            "fiscalDateEnding": "2020-03-31",
            "reportedCurrency": "USD",
            "grossProfit": "4381000000",
            "totalRevenue": "6161000000",
            "costOfRevenue": "1780000000",
            "costofGoodsAndServicesSold": "1513000000",
            "operatingIncome": "2355000000",
            "sellingGeneralAndAdministrative": "1316000000",
            "researchAndDevelopment": "952000000",
            "operatingExpenses": "3002000000",
            "investmentIncomeNet": "None",
            "netInterestIncome": "-346000000",
            "interestIncome": "11000000",
            "interestExpense": "346000000",
            "nonInterestIncome": "None",
            "otherNonOperatingIncome": "11000000",
            "depreciation": "None",
            "depreciationAndAmortization": "709000000",
            "incomeBeforeTax": "2020000000",
            "incomeTaxExpense": "195000000",
            "interestAndDebtExpense": "346000000",
            "netIncomeFromContinuingOperations": "1825000000",
            "comprehensiveIncomeNetOfTax": "1691000000",
            "ebit": "2355000000",
            "ebitda": "3075000000",
            "netIncome": "1825000000"
        },
        {
            "fiscalDateEnding": "2019-12-31",
            "reportedCurrency": "USD",
            "grossProfit": "4628000000",
            "totalRevenue": "6197000000",
            "costOfRevenue": "1569000000",
            "costofGoodsAndServicesSold": "1253000000",
            "operatingIncome": "2048000000",
            "sellingGeneralAndAdministrative": "1513000000",
            "researchAndDevelopment": "1312000000",
            "operatingExpenses": "3348000000",
            "investmentIncomeNet": "None",
            "netInterestIncome": "-301000000",
            "interestIncome": "236000000",
            "interestExpense": "301000000",
            "nonInterestIncome": "None",
            "otherNonOperatingIncome": "236000000",
            "depreciation": "None",
            "depreciationAndAmortization": "452000000",
            "incomeBeforeTax": "1983000000",
            "incomeTaxExpense": "280000000",
            "interestAndDebtExpense": "301000000",
            "netIncomeFromContinuingOperations": "4628000000",
            "comprehensiveIncomeNetOfTax": "1563000000",
            "ebit": "2048000000",
            "ebitda": "2736000000",
            "netIncome": "1703000000"
        },
        {
            "fiscalDateEnding": "2019-09-30",
            "reportedCurrency": "USD",
            "grossProfit": "4427000000",
            "totalRevenue": "5737000000",
            "costOfRevenue": "1310000000",
            "costofGoodsAndServicesSold": "1036000000",
            "operatingIncome": "2476000000",
            "sellingGeneralAndAdministrative": "1223000000",
            "researchAndDevelopment": "1001000000",
            "operatingExpenses": "2543000000",
            "investmentIncomeNet": "None",
            "netInterestIncome": "-313000000",
            "interestIncome": "114000000",
            "interestExpense": "313000000",
            "nonInterestIncome": "None",
            "otherNonOperatingIncome": "114000000",
            "depreciation": "None",
            "depreciationAndAmortization": "318000000",
            "incomeBeforeTax": "2277000000",
            "incomeTaxExpense": "309000000",
            "interestAndDebtExpense": "313000000",
            "netIncomeFromContinuingOperations": "1968000000",
            "comprehensiveIncomeNetOfTax": "2045000000",
            "ebit": "2476000000",
            "ebitda": "2908000000",
            "netIncome": "1968000000"
        },
        {
            "fiscalDateEnding": "2019-06-30",
            "reportedCurrency": "USD",
            "grossProfit": "4562000000",
            "totalRevenue": "5871000000",
            "costOfRevenue": "1309000000",
            "costofGoodsAndServicesSold": "1012000000",
            "operatingIncome": "2678000000",
            "sellingGeneralAndAdministrative": "1260000000",
            "researchAndDevelopment": "924000000",
            "operatingExpenses": "2496000000",
            "investmentIncomeNet": "None",
            "netInterestIncome": "-332000000",
            "interestIncome": "218000000",
            "interestExpense": "332000000",
            "nonInterestIncome": "None",
            "otherNonOperatingIncome": "218000000",
            "depreciation": "None",
            "depreciationAndAmortization": "315000000",
            "incomeBeforeTax": "2564000000",
            "incomeTaxExpense": "385000000",
            "interestAndDebtExpense": "332000000",
            "netIncomeFromContinuingOperations": "2179000000",
            "comprehensiveIncomeNetOfTax": "2230000000",
            "ebit": "2678000000",
            "ebitda": "3211000000",
            "netIncome": "2179000000"
        },
        {
            "fiscalDateEnding": "2019-03-31",
            "reportedCurrency": "USD",
            "grossProfit": "4231000000",
            "totalRevenue": "5557000000",
            "costOfRevenue": "1326000000",
            "costofGoodsAndServicesSold": "1055000000",
            "operatingIncome": "2472000000",
            "sellingGeneralAndAdministrative": "1154000000",
            "researchAndDevelopment": "879000000",
            "operatingExpenses": "2345000000",
            "investmentIncomeNet": "None",
            "netInterestIncome": "-343000000",
            "interestIncome": "185000000",
            "interestExpense": "343000000",
            "nonInterestIncome": "None",
            "otherNonOperatingIncome": "185000000",
            "depreciation": "None",
            "depreciationAndAmortization": "315000000",
            "incomeBeforeTax": "2314000000",
            "incomeTaxExpense": "322000000",
            "interestAndDebtExpense": "343000000",
            "netIncomeFromContinuingOperations": "1992000000",
            "comprehensiveIncomeNetOfTax": "2245000000",
            "ebit": "2472000000",
            "ebitda": "2972000000",
            "netIncome": "1992000000"
        },
        {
            "fiscalDateEnding": "2018-12-31",
            "reportedCurrency": "USD",
            "grossProfit": "4905000000",
            "totalRevenue": "6230000000",
            "costOfRevenue": "1325000000",
            "costofGoodsAndServicesSold": "1096000000",
            "operatingIncome": "2382000000",
            "sellingGeneralAndAdministrative": "1559000000",
            "researchAndDevelopment": "1182000000",
            "operatingExpenses": "3069000000",
            "investmentIncomeNet": "None",
            "netInterestIncome": "-352000000",
            "interestIncome": "None",
            "interestExpense": "352000000",
            "nonInterestIncome": "None",
            "otherNonOperatingIncome": "155000000",
            "depreciation": "None",
            "depreciationAndAmortization": "317000000",
            "incomeBeforeTax": "2185000000",
            "incomeTaxExpense": "257000000",
            "interestAndDebtExpense": "352000000",
            "netIncomeFromContinuingOperations": "4905000000",
            "comprehensiveIncomeNetOfTax": "1968000000",
            "ebit": "2382000000",
            "ebitda": "2854000000",
            "netIncome": "1928000000"
        },
        {
            "fiscalDateEnding": "2018-09-30",
            "reportedCurrency": "USD",
            "grossProfit": "4473000000",
            "totalRevenue": "5904000000",
            "costOfRevenue": "1431000000",
            "costofGoodsAndServicesSold": "1037000000",
            "operatingIncome": "2323000000",
            "sellingGeneralAndAdministrative": "1293000000",
            "researchAndDevelopment": "926000000",
            "operatingExpenses": "3205000000",
            "investmentIncomeNet": "None",
            "netInterestIncome": "-355000000",
            "interestIncome": "None",
            "interestExpense": "355000000",
            "nonInterestIncome": "None",
            "otherNonOperatingIncome": "126000000",
            "depreciation": "None",
            "depreciationAndAmortization": "331000000",
            "incomeBeforeTax": "2094000000",
            "incomeTaxExpense": "235000000",
            "interestAndDebtExpense": "355000000",
            "netIncomeFromContinuingOperations": "1859000000",
            "comprehensiveIncomeNetOfTax": "1923000000",
            "ebit": "2323000000",
            "ebitda": "2780000000",
            "netIncome": "1859000000"
        },
        {
            "fiscalDateEnding": "2018-06-30",
            "reportedCurrency": "USD",
            "grossProfit": "4655000000",
            "totalRevenue": "6059000000",
            "costOfRevenue": "1404000000",
            "costofGoodsAndServicesSold": "1024000000",
            "operatingIncome": "2832000000",
            "sellingGeneralAndAdministrative": "1353000000",
            "researchAndDevelopment": "869000000",
            "operatingExpenses": "2535000000",
            "investmentIncomeNet": "None",
            "netInterestIncome": "-347000000",
            "interestIncome": "None",
            "interestExpense": "347000000",
            "nonInterestIncome": "None",
            "otherNonOperatingIncome": "162000000",
            "depreciation": "None",
            "depreciationAndAmortization": "332000000",
            "incomeBeforeTax": "2647000000",
            "incomeTaxExpense": "351000000",
            "interestAndDebtExpense": "347000000",
            "netIncomeFromContinuingOperations": "2296000000",
            "comprehensiveIncomeNetOfTax": "2417000000",
            "ebit": "2832000000",
            "ebitda": "3326000000",
            "netIncome": "2296000000"
        },
        {
            "fiscalDateEnding": "2018-03-31",
            "reportedCurrency": "USD",
            "grossProfit": "4399000000",
            "totalRevenue": "5554000000",
            "costOfRevenue": "1155000000",
            "costofGoodsAndServicesSold": "944000000",
            "operatingIncome": "2726000000",
            "sellingGeneralAndAdministrative": "1127000000",
            "researchAndDevelopment": "760000000",
            "operatingExpenses": "2204000000",
            "investmentIncomeNet": "None",
            "netInterestIncome": "-338000000",
            "interestIncome": "None",
            "interestExpense": "338000000",
            "nonInterestIncome": "None",
            "otherNonOperatingIncome": "231000000",
            "depreciation": "None",
            "depreciationAndAmortization": "320000000",
            "incomeBeforeTax": "2619000000",
            "incomeTaxExpense": "308000000",
            "interestAndDebtExpense": "338000000",
            "netIncomeFromContinuingOperations": "2311000000",
            "comprehensiveIncomeNetOfTax": "2005000000",
            "ebit": "2726000000",
            "ebitda": "3277000000",
            "netIncome": "2311000000"
        }
    ]
}