{
    "symbol": "AMT",
    "annualReports": [
        {
            "fiscalDateEnding": "2022-12-31",
            "reportedCurrency": "USD",
            "grossProfit": "3864300000",
            "totalRevenue": "10711100000",
            "costOfRevenue": "6846800000",
            "costofGoodsAndServicesSold": "3156400000",
            "operatingIncome": "2352300000",
            "sellingGeneralAndAdministrative": "972300000",
            "researchAndDevelopment": "None",
            "operatingExpenses": "4486400000",
            "investmentIncomeNet": "None",
            "netInterestIncome": "-1136500000",
            "interestIncome": "615500000",
            "interestExpense": "1136500000",
            "nonInterestIncome": "1304000000",
            "otherNonOperatingIncome": "433700000",
            "depreciation": "1552600000",
            "depreciationAndAmortization": "1845400000",
            "incomeBeforeTax": "1789800000",
            "incomeTaxExpense": "24000000",
            "interestAndDebtExpense": "1136900000",
            "netIncomeFromContinuingOperations": "1696700000",
            "comprehensiveIncomeNetOfTax": "786400000",
            "ebit": "2352300000",
            "ebitda": "4771700000",
            "netIncome": "1765800000"
        },
        {
            "fiscalDateEnding": "2021-12-31",
            "reportedCurrency": "USD",
            "grossProfit": "4103600000",
            "totalRevenue": "9356900000",
            "costOfRevenue": "5253300000",
            "costofGoodsAndServicesSold": "2585300000",
            "operatingIncome": "3132000000",
            "sellingGeneralAndAdministrative": "811600000",
            "researchAndDevelopment": "None",
            "operatingExpenses": "3089400000",
            "investmentIncomeNet": "None",
            "netInterestIncome": "-870900000",
            "interestIncome": "1388400000",
            "interestExpense": "870900000",
            "nonInterestIncome": "1236900000",
            "otherNonOperatingIncome": "566100000",
            "depreciation": "1036200000",
            "depreciationAndAmortization": "1346800000",
            "incomeBeforeTax": "2829500000",
            "incomeTaxExpense": "261800000",
            "interestAndDebtExpense": "909100000",
            "netIncomeFromContinuingOperations": "2567600000",
            "comprehensiveIncomeNetOfTax": "1588200000",
            "ebit": "3132000000",
            "ebitda": "5047200000",
            "netIncome": "2567700000"
        },
        {
            "fiscalDateEnding": "2020-12-31",
            "reportedCurrency": "USD",
            "grossProfit": "3700800000",
            "totalRevenue": "8041500000",
            "costOfRevenue": "4340700000",
            "costofGoodsAndServicesSold": "2189600000",
            "operatingIncome": "2887500000",
            "sellingGeneralAndAdministrative": "778700000",
            "researchAndDevelopment": "None",
            "operatingExpenses": "2434200000",
            "investmentIncomeNet": "None",
            "netInterestIncome": "-793500000",
            "interestIncome": "39700000",
            "interestExpense": "793500000",
            "nonInterestIncome": "207500000",
            "otherNonOperatingIncome": "-240800000",
            "depreciation": "924300000",
            "depreciationAndAmortization": "1020200000",
            "incomeBeforeTax": "1820200000",
            "incomeTaxExpense": "129600000",
            "interestAndDebtExpense": "865300000",
            "netIncomeFromContinuingOperations": "1691500000",
            "comprehensiveIncomeNetOfTax": "754800000",
            "ebit": "2613700000",
            "ebitda": "3633900000",
            "netIncome": "1690600000"
        },
        {
            "fiscalDateEnding": "2019-12-31",
            "reportedCurrency": "USD",
            "grossProfit": "5634900000",
            "totalRevenue": "7580300000",
            "costOfRevenue": "1945400000",
            "costofGoodsAndServicesSold": "43100000",
            "operatingIncome": "2688400000",
            "sellingGeneralAndAdministrative": "730400000",
            "researchAndDevelopment": "None",
            "operatingExpenses": "2113700000",
            "investmentIncomeNet": "None",
            "netInterestIncome": "-814200000",
            "interestIncome": "46800000",
            "interestExpense": "814200000",
            "nonInterestIncome": "511100000",
            "otherNonOperatingIncome": "17600000",
            "depreciation": "905500000",
            "depreciationAndAmortization": "959400000",
            "incomeBeforeTax": "1887600000",
            "incomeTaxExpense": "-200000",
            "interestAndDebtExpense": "836400000",
            "netIncomeFromContinuingOperations": "1916600000",
            "comprehensiveIncomeNetOfTax": "1707100000",
            "ebit": "2701800000",
            "ebitda": "3661200000",
            "netIncome": "1887800000"
        },
        {
            "fiscalDateEnding": "2018-12-31",
            "reportedCurrency": "USD",
            "grossProfit": "5055000000",
            "totalRevenue": "7440100000",
            "costOfRevenue": "2385100000",
            "costofGoodsAndServicesSold": "49100000",
            "operatingIncome": "1905000000",
            "sellingGeneralAndAdministrative": "733200000",
            "researchAndDevelopment": "None",
            "operatingExpenses": "2984000000",
            "investmentIncomeNet": "None",
            "netInterestIncome": "-825500000",
            "interestIncome": "55800000",
            "interestExpense": "825500000",
            "nonInterestIncome": "14747000000",
            "otherNonOperatingIncome": "23800000",
            "depreciation": "883100000",
            "depreciationAndAmortization": "1144100000",
            "incomeBeforeTax": "1126300000",
            "incomeTaxExpense": "-110100000",
            "interestAndDebtExpense": "3300000",
            "netIncomeFromContinuingOperations": "1264700000",
            "comprehensiveIncomeNetOfTax": "571800000",
            "ebit": "1951800000",
            "ebitda": "3095900000",
            "netIncome": "1236400000"
        }
    ],
    "quarterlyReports": [
        {
            "fiscalDateEnding": "2022-12-31",
            "reportedCurrency": "USD",
            "grossProfit": "1597900000",
            "totalRevenue": "2705000000",
            "costOfRevenue": "1107100000",
            "costofGoodsAndServicesSold": "782100000",
            "operatingIncome": "192000000",
            "sellingGeneralAndAdministrative": "224300000",
            "researchAndDevelopment": "None",
            "operatingExpenses": "1022400000",
            "investmentIncomeNet": "None",
            "netInterestIncome": "-303500000",
            "interestIncome": "936800000",
            "interestExpense": "303500000",
            "nonInterestIncome": "-453800000",
            "otherNonOperatingIncome": "-675700000",
            "depreciation": "None",
            "depreciationAndAmortization": "-695000000",
            "incomeBeforeTax": "-725800000",
            "incomeTaxExpense": "-42000000",
            "interestAndDebtExpense": "303500000",
            "netIncomeFromContinuingOperations": "-716600000",
            "comprehensiveIncomeNetOfTax": "-3900000",
            "ebit": "192000000",
            "ebitda": "-1117300000",
            "netIncome": "-683800000"
        },
        {
            "fiscalDateEnding": "2022-09-30",
            "reportedCurrency": "USD",
            "grossProfit": "690400000",
            "totalRevenue": "2671500000",
            "costOfRevenue": "1981100000",
            "costofGoodsAndServicesSold": "808800000",
            "operatingIncome": "652900000",
            "sellingGeneralAndAdministrative": "231200000",
            "researchAndDevelopment": "None",
            "operatingExpenses": "1225100000",
            "investmentIncomeNet": "None",
            "netInterestIncome": "-294000000",
            "interestIncome": "199300000",
            "interestExpense": "294000000",
            "nonInterestIncome": "694700000",
            "otherNonOperatingIncome": "478500000",
            "depreciation": "None",
            "depreciationAndAmortization": "898100000",
            "incomeBeforeTax": "875800000",
            "incomeTaxExpense": "36100000",
            "interestAndDebtExpense": "294400000",
            "netIncomeFromContinuingOperations": "819700000",
            "comprehensiveIncomeNetOfTax": "-30300000",
            "ebit": "1169800000",
            "ebitda": "2067900000",
            "netIncome": "839700000"
        },
        {
            "fiscalDateEnding": "2022-06-30",
            "reportedCurrency": "USD",
            "grossProfit": "812600000",
            "totalRevenue": "2674300000",
            "costOfRevenue": "1861700000",
            "costofGoodsAndServicesSold": "794000000",
            "operatingIncome": "782300000",
            "sellingGeneralAndAdministrative": "222900000",
            "researchAndDevelopment": "None",
            "operatingExpenses": "1087400000",
            "investmentIncomeNet": "None",
            "netInterestIncome": "-276600000",
            "interestIncome": "14300000",
            "interestExpense": "276600000",
            "nonInterestIncome": "611700000",
            "otherNonOperatingIncome": "378300000",
            "depreciation": "None",
            "depreciationAndAmortization": "826500000",
            "incomeBeforeTax": "905600000",
            "incomeTaxExpense": "7400000",
            "interestAndDebtExpense": "276600000",
            "netIncomeFromContinuingOperations": "890900000",
            "comprehensiveIncomeNetOfTax": "-77000000",
            "ebit": "1182200000",
            "ebitda": "2008700000",
            "netIncome": "898200000"
        },
        {
            "fiscalDateEnding": "2022-03-31",
            "reportedCurrency": "USD",
            "grossProfit": "763400000",
            "totalRevenue": "2660300000",
            "costOfRevenue": "1896900000",
            "costofGoodsAndServicesSold": "771500000",
            "operatingIncome": "725100000",
            "sellingGeneralAndAdministrative": "293900000",
            "researchAndDevelopment": "None",
            "operatingExpenses": "1151500000",
            "investmentIncomeNet": "None",
            "netInterestIncome": "-262400000",
            "interestIncome": "9900000",
            "interestExpense": "262400000",
            "nonInterestIncome": "451400000",
            "otherNonOperatingIncome": "252600000",
            "depreciation": "None",
            "depreciationAndAmortization": "815800000",
            "incomeBeforeTax": "734200000",
            "incomeTaxExpense": "22500000",
            "interestAndDebtExpense": "262400000",
            "netIncomeFromContinuingOperations": "702700000",
            "comprehensiveIncomeNetOfTax": "897600000",
            "ebit": "996600000",
            "ebitda": "1812400000",
            "netIncome": "711700000"
        },
        {
            "fiscalDateEnding": "2021-12-31",
            "reportedCurrency": "USD",
            "grossProfit": "635500000",
            "totalRevenue": "2445200000",
            "costOfRevenue": "1809700000",
            "costofGoodsAndServicesSold": "705300000",
            "operatingIncome": "626600000",
            "sellingGeneralAndAdministrative": "215900000",
            "researchAndDevelopment": "None",
            "operatingExpenses": "1350400000",
            "investmentIncomeNet": "None",
            "netInterestIncome": "-224100000",
            "interestIncome": "1192100000",
            "interestExpense": "224100000",
            "nonInterestIncome": "314300000",
            "otherNonOperatingIncome": "126500000",
            "depreciation": "None",
            "depreciationAndAmortization": "-341900000",
            "incomeBeforeTax": "540700000",
            "incomeTaxExpense": "87300000",
            "interestAndDebtExpense": "236600000",
            "netIncomeFromContinuingOperations": "441200000",
            "comprehensiveIncomeNetOfTax": "146500000",
            "ebit": "626600000",
            "ebitda": "422900000",
            "netIncome": "453400000"
        },
        {
            "fiscalDateEnding": "2021-09-30",
            "reportedCurrency": "USD",
            "grossProfit": "1204800000",
            "totalRevenue": "2454300000",
            "costOfRevenue": "1249500000",
            "costofGoodsAndServicesSold": "693400000",
            "operatingIncome": "827500000",
            "sellingGeneralAndAdministrative": "205900000",
            "researchAndDevelopment": "None",
            "operatingExpenses": "641300000",
            "investmentIncomeNet": "None",
            "netInterestIncome": "-226100000",
            "interestIncome": "36200000",
            "interestExpense": "226100000",
            "nonInterestIncome": "385200000",
            "otherNonOperatingIncome": "166800000",
            "depreciation": "None",
            "depreciationAndAmortization": "611400000",
            "incomeBeforeTax": "774400000",
            "incomeTaxExpense": "51400000",
            "interestAndDebtExpense": "226100000",
            "netIncomeFromContinuingOperations": "726200000",
            "comprehensiveIncomeNetOfTax": "193900000",
            "ebit": "1000500000",
            "ebitda": "1611900000",
            "netIncome": "723000000"
        },
        {
            "fiscalDateEnding": "2021-06-30",
            "reportedCurrency": "USD",
            "grossProfit": "1155300000",
            "totalRevenue": "2298900000",
            "costOfRevenue": "1143600000",
            "costofGoodsAndServicesSold": "623300000",
            "operatingIncome": "849200000",
            "sellingGeneralAndAdministrative": "207200000",
            "researchAndDevelopment": "None",
            "operatingExpenses": "560100000",
            "investmentIncomeNet": "None",
            "netInterestIncome": "-213700000",
            "interestIncome": "59200000",
            "interestExpense": "213700000",
            "nonInterestIncome": "326500000",
            "otherNonOperatingIncome": "177600000",
            "depreciation": "None",
            "depreciationAndAmortization": "554800000",
            "incomeBeforeTax": "819100000",
            "incomeTaxExpense": "72800000",
            "interestAndDebtExpense": "213700000",
            "netIncomeFromContinuingOperations": "747900000",
            "comprehensiveIncomeNetOfTax": "905000000",
            "ebit": "1032800000",
            "ebitda": "1587600000",
            "netIncome": "746300000"
        },
        {
            "fiscalDateEnding": "2021-03-31",
            "reportedCurrency": "USD",
            "grossProfit": "1107400000",
            "totalRevenue": "2158500000",
            "costOfRevenue": "1051100000",
            "costofGoodsAndServicesSold": "563300000",
            "operatingIncome": "828700000",
            "sellingGeneralAndAdministrative": "182600000",
            "researchAndDevelopment": "None",
            "operatingExpenses": "538200000",
            "investmentIncomeNet": "None",
            "netInterestIncome": "-207000000",
            "interestIncome": "11400000",
            "interestExpense": "207000000",
            "nonInterestIncome": "210900000",
            "otherNonOperatingIncome": "95200000",
            "depreciation": "None",
            "depreciationAndAmortization": "522500000",
            "incomeBeforeTax": "695300000",
            "incomeTaxExpense": "50300000",
            "interestAndDebtExpense": "232700000",
            "netIncomeFromContinuingOperations": "652300000",
            "comprehensiveIncomeNetOfTax": "342800000",
            "ebit": "902300000",
            "ebitda": "1424800000",
            "netIncome": "645000000"
        },
        {
            "fiscalDateEnding": "2020-12-31",
            "reportedCurrency": "USD",
            "grossProfit": "703100000",
            "totalRevenue": "2122500000",
            "costOfRevenue": "1419400000",
            "costofGoodsAndServicesSold": "563100000",
            "operatingIncome": "674300000",
            "sellingGeneralAndAdministrative": "196300000",
            "researchAndDevelopment": "None",
            "operatingExpenses": "1071700000",
            "investmentIncomeNet": "None",
            "netInterestIncome": "-196100000",
            "interestIncome": "11500000",
            "interestExpense": "196100000",
            "nonInterestIncome": "65000000",
            "otherNonOperatingIncome": "-70000000",
            "depreciation": "None",
            "depreciationAndAmortization": "376800000",
            "incomeBeforeTax": "423200000",
            "incomeTaxExpense": "58100000",
            "interestAndDebtExpense": "196100000",
            "netIncomeFromContinuingOperations": "361600000",
            "comprehensiveIncomeNetOfTax": "796900000",
            "ebit": "619300000",
            "ebitda": "996100000",
            "netIncome": "365100000"
        },
        {
            "fiscalDateEnding": "2020-09-30",
            "reportedCurrency": "USD",
            "grossProfit": "1056000000",
            "totalRevenue": "2012900000",
            "costOfRevenue": "956900000",
            "costofGoodsAndServicesSold": "552100000",
            "operatingIncome": "785100000",
            "sellingGeneralAndAdministrative": "176000000",
            "researchAndDevelopment": "None",
            "operatingExpenses": "420100000",
            "investmentIncomeNet": "None",
            "netInterestIncome": "-190900000",
            "interestIncome": "181200000",
            "interestExpense": "190900000",
            "nonInterestIncome": "45000000",
            "otherNonOperatingIncome": "-64500000",
            "depreciation": "None",
            "depreciationAndAmortization": "215100000",
            "incomeBeforeTax": "503700000",
            "incomeTaxExpense": "39300000",
            "interestAndDebtExpense": "228100000",
            "netIncomeFromContinuingOperations": "462900000",
            "comprehensiveIncomeNetOfTax": "547700000",
            "ebit": "694600000",
            "ebitda": "909700000",
            "netIncome": "464400000"
        },
        {
            "fiscalDateEnding": "2020-06-30",
            "reportedCurrency": "USD",
            "grossProfit": "945900000",
            "totalRevenue": "1913000000",
            "costOfRevenue": "967100000",
            "costofGoodsAndServicesSold": "530300000",
            "operatingIncome": "691300000",
            "sellingGeneralAndAdministrative": "188600000",
            "researchAndDevelopment": "None",
            "operatingExpenses": "475000000",
            "investmentIncomeNet": "None",
            "netInterestIncome": "-197700000",
            "interestIncome": "8400000",
            "interestExpense": "197700000",
            "nonInterestIncome": "79600000",
            "otherNonOperatingIncome": "-42500000",
            "depreciation": "None",
            "depreciationAndAmortization": "210800000",
            "incomeBeforeTax": "457200000",
            "incomeTaxExpense": "11100000",
            "interestAndDebtExpense": "197700000",
            "netIncomeFromContinuingOperations": "448400000",
            "comprehensiveIncomeNetOfTax": "443300000",
            "ebit": "654900000",
            "ebitda": "865700000",
            "netIncome": "446100000"
        },
        {
            "fiscalDateEnding": "2020-03-31",
            "reportedCurrency": "USD",
            "grossProfit": "1532000000",
            "totalRevenue": "1993100000",
            "costOfRevenue": "461100000",
            "costofGoodsAndServicesSold": "7900000",
            "operatingIncome": "736800000",
            "sellingGeneralAndAdministrative": "217800000",
            "researchAndDevelopment": "None",
            "operatingExpenses": "467400000",
            "investmentIncomeNet": "None",
            "netInterestIncome": "-208800000",
            "interestIncome": "10100000",
            "interestExpense": "208800000",
            "nonInterestIncome": "17900000",
            "otherNonOperatingIncome": "-63800000",
            "depreciation": "None",
            "depreciationAndAmortization": "217500000",
            "incomeBeforeTax": "436100000",
            "incomeTaxExpense": "21100000",
            "interestAndDebtExpense": "243400000",
            "netIncomeFromContinuingOperations": "418600000",
            "comprehensiveIncomeNetOfTax": "-1033100000",
            "ebit": "644900000",
            "ebitda": "862400000",
            "netIncome": "415000000"
        },
        {
            "fiscalDateEnding": "2019-12-31",
            "reportedCurrency": "USD",
            "grossProfit": "1923700000",
            "totalRevenue": "1923700000",
            "costOfRevenue": "703700000",
            "costofGoodsAndServicesSold": "6900000",
            "operatingIncome": "661300000",
            "sellingGeneralAndAdministrative": "179600000",
            "researchAndDevelopment": "None",
            "operatingExpenses": "824700000",
            "investmentIncomeNet": "None",
            "netInterestIncome": "-200900000",
            "interestIncome": "10500000",
            "interestExpense": "200900000",
            "nonInterestIncome": "116800000",
            "otherNonOperatingIncome": "-2000000",
            "depreciation": "228000000",
            "depreciationAndAmortization": "369200000",
            "incomeBeforeTax": "462200000",
            "incomeTaxExpense": "-100500000",
            "interestAndDebtExpense": "200900000",
            "netIncomeFromContinuingOperations": "661300000",
            "comprehensiveIncomeNetOfTax": "718100000",
            "ebit": "663100000",
            "ebitda": "1032300000",
            "netIncome": "562700000"
        },
        {
            "fiscalDateEnding": "2019-09-30",
            "reportedCurrency": "USD",
            "grossProfit": "1534500000",
            "totalRevenue": "1953600000",
            "costOfRevenue": "419100000",
            "costofGoodsAndServicesSold": "11900000",
            "operatingIncome": "728300000",
            "sellingGeneralAndAdministrative": "187900000",
            "researchAndDevelopment": "None",
            "operatingExpenses": "441900000",
            "investmentIncomeNet": "None",
            "netInterestIncome": "-201300000",
            "interestIncome": "12200000",
            "interestExpense": "201300000",
            "nonInterestIncome": "136200000",
            "otherNonOperatingIncome": "2800000",
            "depreciation": "224700000",
            "depreciationAndAmortization": "197900000",
            "incomeBeforeTax": "535300000",
            "incomeTaxExpense": "36700000",
            "interestAndDebtExpense": "201300000",
            "netIncomeFromContinuingOperations": "505300000",
            "comprehensiveIncomeNetOfTax": "126300000",
            "ebit": "736600000",
            "ebitda": "934500000",
            "netIncome": "498600000"
        },
        {
            "fiscalDateEnding": "2019-06-30",
            "reportedCurrency": "USD",
            "grossProfit": "1492400000",
            "totalRevenue": "1889600000",
            "costOfRevenue": "397200000",
            "costofGoodsAndServicesSold": "13900000",
            "operatingIncome": "683900000",
            "sellingGeneralAndAdministrative": "164800000",
            "researchAndDevelopment": "None",
            "operatingExpenses": "412000000",
            "investmentIncomeNet": "None",
            "netInterestIncome": "-204500000",
            "interestIncome": "11700000",
            "interestExpense": "204500000",
            "nonInterestIncome": "1913500000",
            "otherNonOperatingIncome": "-5100000",
            "depreciation": "229100000",
            "depreciationAndAmortization": "199600000",
            "incomeBeforeTax": "458700000",
            "incomeTaxExpense": "29600000",
            "interestAndDebtExpense": "226600000",
            "netIncomeFromContinuingOperations": "434300000",
            "comprehensiveIncomeNetOfTax": "494600000",
            "ebit": "663200000",
            "ebitda": "862800000",
            "netIncome": "429100000"
        },
        {
            "fiscalDateEnding": "2019-03-31",
            "reportedCurrency": "USD",
            "grossProfit": "1388000000",
            "totalRevenue": "1813400000",
            "costOfRevenue": "425400000",
            "costofGoodsAndServicesSold": "10400000",
            "operatingIncome": "614900000",
            "sellingGeneralAndAdministrative": "198100000",
            "researchAndDevelopment": "None",
            "operatingExpenses": "435100000",
            "investmentIncomeNet": "None",
            "netInterestIncome": "-207500000",
            "interestIncome": "175000000",
            "interestExpense": "207500000",
            "nonInterestIncome": "1860800000",
            "otherNonOperatingIncome": "21900000",
            "depreciation": "223700000",
            "depreciationAndAmortization": "192700000",
            "incomeBeforeTax": "431400000",
            "incomeTaxExpense": "34000000",
            "interestAndDebtExpense": "100000",
            "netIncomeFromContinuingOperations": "407600000",
            "comprehensiveIncomeNetOfTax": "368100000",
            "ebit": "638900000",
            "ebitda": "831600000",
            "netIncome": "397400000"
        },
        {
            "fiscalDateEnding": "2018-12-31",
            "reportedCurrency": "USD",
            "grossProfit": "2131900000",
            "totalRevenue": "2131900000",
            "costOfRevenue": "1025200000",
            "costofGoodsAndServicesSold": "9900000",
            "operatingIncome": "388900000",
            "sellingGeneralAndAdministrative": "192500000",
            "researchAndDevelopment": "None",
            "operatingExpenses": "1354500000",
            "investmentIncomeNet": "None",
            "netInterestIncome": "-208800000",
            "interestIncome": "None",
            "interestExpense": "208800000",
            "nonInterestIncome": "4227400000",
            "otherNonOperatingIncome": "9700000",
            "depreciation": "216200000",
            "depreciationAndAmortization": "529100000",
            "incomeBeforeTax": "182200000",
            "incomeTaxExpense": "-95400000",
            "interestAndDebtExpense": "3300000",
            "netIncomeFromContinuingOperations": "388900000",
            "comprehensiveIncomeNetOfTax": "331000000",
            "ebit": "391000000",
            "ebitda": "920100000",
            "netIncome": "277600000"
        },
        {
            "fiscalDateEnding": "2018-09-30",
            "reportedCurrency": "USD",
            "grossProfit": "1387700000",
            "totalRevenue": "1785500000",
            "costOfRevenue": "397800000",
            "costofGoodsAndServicesSold": "13600000",
            "operatingIncome": "567200000",
            "sellingGeneralAndAdministrative": "177900000",
            "researchAndDevelopment": "None",
            "operatingExpenses": "432600000",
            "investmentIncomeNet": "None",
            "netInterestIncome": "-209200000",
            "interestIncome": "None",
            "interestExpense": "209200000",
            "nonInterestIncome": "3537100000",
            "otherNonOperatingIncome": "21100000",
            "depreciation": "221000000",
            "depreciationAndAmortization": "207400000",
            "incomeBeforeTax": "379400000",
            "incomeTaxExpense": "12500000",
            "interestAndDebtExpense": "0",
            "netIncomeFromContinuingOperations": "377300000",
            "comprehensiveIncomeNetOfTax": "180700000",
            "ebit": "588600000",
            "ebitda": "796000000",
            "netIncome": "366900000"
        },
        {
            "fiscalDateEnding": "2018-06-30",
            "reportedCurrency": "USD",
            "grossProfit": "4345400000",
            "totalRevenue": "1780900000",
            "costOfRevenue": "965800000",
            "costofGoodsAndServicesSold": "13100000",
            "operatingIncome": "546000000",
            "sellingGeneralAndAdministrative": "157900000",
            "researchAndDevelopment": "None",
            "operatingExpenses": "472500000",
            "investmentIncomeNet": "None",
            "netInterestIncome": "-207900000",
            "interestIncome": "None",
            "interestExpense": "207900000",
            "nonInterestIncome": "3530300000",
            "otherNonOperatingIncome": "-34800000",
            "depreciation": "223400000",
            "depreciationAndAmortization": "205200000",
            "incomeBeforeTax": "310600000",
            "incomeTaxExpense": "3900000",
            "interestAndDebtExpense": "0",
            "netIncomeFromContinuingOperations": "314400000",
            "comprehensiveIncomeNetOfTax": "-368800000",
            "ebit": "518500000",
            "ebitda": "723700000",
            "netIncome": "306700000"
        },
        {
            "fiscalDateEnding": "2018-03-31",
            "reportedCurrency": "USD",
            "grossProfit": "4117500000",
            "totalRevenue": "1741800000",
            "costOfRevenue": "1076500000",
            "costofGoodsAndServicesSold": "12500000",
            "operatingIncome": "402900000",
            "sellingGeneralAndAdministrative": "204900000",
            "researchAndDevelopment": "None",
            "operatingExpenses": "724400000",
            "investmentIncomeNet": "None",
            "netInterestIncome": "-199600000",
            "interestIncome": "None",
            "interestExpense": "199600000",
            "nonInterestIncome": "3452200000",
            "otherNonOperatingIncome": "27800000",
            "depreciation": "222500000",
            "depreciationAndAmortization": "202400000",
            "incomeBeforeTax": "254100000",
            "incomeTaxExpense": "-31100000",
            "interestAndDebtExpense": "0",
            "netIncomeFromContinuingOperations": "280300000",
            "comprehensiveIncomeNetOfTax": "428900000",
            "ebit": "453700000",
            "ebitda": "656100000",
            "netIncome": "285200000"
        }
    ]
}