{
    "symbol": "C",
    "annualReports": [
        {
            "fiscalDateEnding": "2022-12-31",
            "reportedCurrency": "USD",
            "grossProfit": "19207000000",
            "totalRevenue": "75338000000",
            "costOfRevenue": "56131000000",
            "costofGoodsAndServicesSold": "None",
            "operatingIncome": "4809000000",
            "sellingGeneralAndAdministrative": "13511000000",
            "researchAndDevelopment": "None",
            "operatingExpenses": "14398000000",
            "investmentIncomeNet": "None",
            "netInterestIncome": "48668000000",
            "interestIncome": "74408000000",
            "interestExpense": "25740000000",
            "nonInterestIncome": "26670000000",
            "otherNonOperatingIncome": "-21000000",
            "depreciation": "None",
            "depreciationAndAmortization": "352000000",
            "incomeBeforeTax": "18487000000",
            "incomeTaxExpense": "3642000000",
            "interestAndDebtExpense": "25740000000",
            "netIncomeFromContinuingOperations": "15076000000",
            "comprehensiveIncomeNetOfTax": "6548000000",
            "ebit": "44227000000",
            "ebitda": "44579000000",
            "netIncome": "14845000000"
        },
        {
            "fiscalDateEnding": "2021-12-31",
            "reportedCurrency": "USD",
            "grossProfit": "26678000000",
            "totalRevenue": "71884000000",
            "costOfRevenue": "45206000000",
            "costofGoodsAndServicesSold": "-116000000",
            "operatingIncome": "14480000000",
            "sellingGeneralAndAdministrative": "11632000000",
            "researchAndDevelopment": "None",
            "operatingExpenses": "12198000000",
            "investmentIncomeNet": "None",
            "netInterestIncome": "42494000000",
            "interestIncome": "50475000000",
            "interestExpense": "7981000000",
            "nonInterestIncome": "29390000000",
            "otherNonOperatingIncome": "1165000000",
            "depreciation": "None",
            "depreciationAndAmortization": "360000000",
            "incomeBeforeTax": "27403000000",
            "incomeTaxExpense": "5451000000",
            "interestAndDebtExpense": "7981000000",
            "netIncomeFromContinuingOperations": "21945000000",
            "comprehensiveIncomeNetOfTax": "15245000000",
            "ebit": "35384000000",
            "ebitda": "35744000000",
            "netIncome": "21952000000"
        },
        {
            "fiscalDateEnding": "2020-12-31",
            "reportedCurrency": "USD",
            "grossProfit": "58006000000",
            "totalRevenue": "75501000000",
            "costOfRevenue": "17495000000",
            "costofGoodsAndServicesSold": "-17495000000",
            "operatingIncome": "45286000000",
            "sellingGeneralAndAdministrative": "10933000000",
            "researchAndDevelopment": "None",
            "operatingExpenses": "11517000000",
            "investmentIncomeNet": "None",
            "netInterestIncome": "44751000000",
            "interestIncome": "58089000000",
            "interestExpense": "13338000000",
            "nonInterestIncome": "30750000000",
            "otherNonOperatingIncome": "420000000",
            "depreciation": "None",
            "depreciationAndAmortization": "419000000",
            "incomeBeforeTax": "13572000000",
            "incomeTaxExpense": "2525000000",
            "interestAndDebtExpense": "14541000000",
            "netIncomeFromContinuingOperations": "11067000000",
            "comprehensiveIncomeNetOfTax": "15307000000",
            "ebit": "26910000000",
            "ebitda": "27329000000",
            "netIncome": "11047000000"
        },
        {
            "fiscalDateEnding": "2019-12-31",
            "reportedCurrency": "USD",
            "grossProfit": "66684000000",
            "totalRevenue": "75067000000",
            "costOfRevenue": "8383000000",
            "costofGoodsAndServicesSold": "-8383000000",
            "operatingIncome": "54386000000",
            "sellingGeneralAndAdministrative": "10921000000",
            "researchAndDevelopment": "None",
            "operatingExpenses": "11517000000",
            "investmentIncomeNet": "None",
            "netInterestIncome": "48128000000",
            "interestIncome": "76510000000",
            "interestExpense": "28382000000",
            "nonInterestIncome": "26939000000",
            "otherNonOperatingIncome": "1448000000",
            "depreciation": "None",
            "depreciationAndAmortization": "564000000",
            "incomeBeforeTax": "23831000000",
            "incomeTaxExpense": "4430000000",
            "interestAndDebtExpense": "29163000000",
            "netIncomeFromContinuingOperations": "19405000000",
            "comprehensiveIncomeNetOfTax": "20253000000",
            "ebit": "52213000000",
            "ebitda": "52777000000",
            "netIncome": "19401000000"
        },
        {
            "fiscalDateEnding": "2018-12-31",
            "reportedCurrency": "USD",
            "grossProfit": "65286000000",
            "totalRevenue": "72854000000",
            "costOfRevenue": "7568000000",
            "costofGoodsAndServicesSold": "None",
            "operatingIncome": "10593000000",
            "sellingGeneralAndAdministrative": "12062000000",
            "researchAndDevelopment": "None",
            "operatingExpenses": "12751000000",
            "investmentIncomeNet": "None",
            "netInterestIncome": "46562000000",
            "interestIncome": "70828000000",
            "interestExpense": "24266000000",
            "nonInterestIncome": "26292000000",
            "otherNonOperatingIncome": "1661000000",
            "depreciation": "None",
            "depreciationAndAmortization": "557000000",
            "incomeBeforeTax": "23402000000",
            "incomeTaxExpense": "5357000000",
            "interestAndDebtExpense": "24266000000",
            "netIncomeFromContinuingOperations": "18053000000",
            "comprehensiveIncomeNetOfTax": "15546000000",
            "ebit": "47668000000",
            "ebitda": "48225000000",
            "netIncome": "18045000000"
        }
    ],
    "quarterlyReports": [
        {
            "fiscalDateEnding": "2022-12-31",
            "reportedCurrency": "USD",
            "grossProfit": "3228000000",
            "totalRevenue": "18006000000",
            "costOfRevenue": "14778000000",
            "costofGoodsAndServicesSold": "None",
            "operatingIncome": "-1555000000",
            "sellingGeneralAndAdministrative": "4431000000",
            "researchAndDevelopment": "None",
            "operatingExpenses": "4783000000",
            "investmentIncomeNet": "None",
            "netInterestIncome": "13270000000",
            "interestIncome": "25708000000",
            "interestExpense": "12438000000",
            "nonInterestIncome": "4736000000",
            "otherNonOperatingIncome": "-348000000",
            "depreciation": "None",
            "depreciationAndAmortization": "None",
            "incomeBeforeTax": "3153000000",
            "incomeTaxExpense": "640000000",
            "interestAndDebtExpense": "12438000000",
            "netIncomeFromContinuingOperations": "2515000000",
            "comprehensiveIncomeNetOfTax": "3749000000",
            "ebit": "15591000000",
            "ebitda": "15591000000",
            "netIncome": "2513000000"
        },
        {
            "fiscalDateEnding": "2022-09-30",
            "reportedCurrency": "USD",
            "grossProfit": "4406000000",
            "totalRevenue": "18508000000",
            "costOfRevenue": "14102000000",
            "costofGoodsAndServicesSold": "-25000000",
            "operatingIncome": "1297000000",
            "sellingGeneralAndAdministrative": "3109000000",
            "researchAndDevelopment": "None",
            "operatingExpenses": "3109000000",
            "investmentIncomeNet": "None",
            "netInterestIncome": "12563000000",
            "interestIncome": "19919000000",
            "interestExpense": "7356000000",
            "nonInterestIncome": "5945000000",
            "otherNonOperatingIncome": "300000000",
            "depreciation": "None",
            "depreciationAndAmortization": "1065000000",
            "incomeBeforeTax": "4358000000",
            "incomeTaxExpense": "879000000",
            "interestAndDebtExpense": "7356000000",
            "netIncomeFromContinuingOperations": "3485000000",
            "comprehensiveIncomeNetOfTax": "676000000",
            "ebit": "11714000000",
            "ebitda": "12779000000",
            "netIncome": "3479000000"
        },
        {
            "fiscalDateEnding": "2022-06-30",
            "reportedCurrency": "USD",
            "grossProfit": "5839000000",
            "totalRevenue": "19638000000",
            "costOfRevenue": "13799000000",
            "costofGoodsAndServicesSold": "-22000000",
            "operatingIncome": "2738000000",
            "sellingGeneralAndAdministrative": "3101000000",
            "researchAndDevelopment": "None",
            "operatingExpenses": "3101000000",
            "investmentIncomeNet": "None",
            "netInterestIncome": "11964000000",
            "interestIncome": "15630000000",
            "interestExpense": "3666000000",
            "nonInterestIncome": "7674000000",
            "otherNonOperatingIncome": "-174000000",
            "depreciation": "None",
            "depreciationAndAmortization": "1074000000",
            "incomeBeforeTax": "5729000000",
            "incomeTaxExpense": "1182000000",
            "interestAndDebtExpense": "3666000000",
            "netIncomeFromContinuingOperations": "4768000000",
            "comprehensiveIncomeNetOfTax": "2637000000",
            "ebit": "9395000000",
            "ebitda": "10469000000",
            "netIncome": "4547000000"
        },
        {
            "fiscalDateEnding": "2022-03-31",
            "reportedCurrency": "USD",
            "grossProfit": "5734000000",
            "totalRevenue": "19186000000",
            "costOfRevenue": "13452000000",
            "costofGoodsAndServicesSold": "6820000000",
            "operatingIncome": "2329000000",
            "sellingGeneralAndAdministrative": "2870000000",
            "researchAndDevelopment": "None",
            "operatingExpenses": "3405000000",
            "investmentIncomeNet": "None",
            "netInterestIncome": "10871000000",
            "interestIncome": "13151000000",
            "interestExpense": "2280000000",
            "nonInterestIncome": "8315000000",
            "otherNonOperatingIncome": "201000000",
            "depreciation": "None",
            "depreciationAndAmortization": "1015000000",
            "incomeBeforeTax": "5247000000",
            "incomeTaxExpense": "941000000",
            "interestAndDebtExpense": "2280000000",
            "netIncomeFromContinuingOperations": "4308000000",
            "comprehensiveIncomeNetOfTax": "-514000000",
            "ebit": "7527000000",
            "ebitda": "8542000000",
            "netIncome": "4306000000"
        },
        {
            "fiscalDateEnding": "2021-12-31",
            "reportedCurrency": "USD",
            "grossProfit": "3485000000",
            "totalRevenue": "17017000000",
            "costOfRevenue": "13532000000",
            "costofGoodsAndServicesSold": "None",
            "operatingIncome": "3485000000",
            "sellingGeneralAndAdministrative": "3182000000",
            "researchAndDevelopment": "None",
            "operatingExpenses": "3636000000",
            "investmentIncomeNet": "None",
            "netInterestIncome": "10819000000",
            "interestIncome": "12828000000",
            "interestExpense": "2009000000",
            "nonInterestIncome": "6198000000",
            "otherNonOperatingIncome": "398000000",
            "depreciation": "None",
            "depreciationAndAmortization": "985000000",
            "incomeBeforeTax": "3944000000",
            "incomeTaxExpense": "771000000",
            "interestAndDebtExpense": "1097000000",
            "netIncomeFromContinuingOperations": "3173000000",
            "comprehensiveIncomeNetOfTax": "1259000000",
            "ebit": "5953000000",
            "ebitda": "6026000000",
            "netIncome": "3173000000"
        },
        {
            "fiscalDateEnding": "2021-09-30",
            "reportedCurrency": "USD",
            "grossProfit": "5836000000",
            "totalRevenue": "17447000000",
            "costOfRevenue": "11318000000",
            "costofGoodsAndServicesSold": "-22000000",
            "operatingIncome": "2877000000",
            "sellingGeneralAndAdministrative": "2959000000",
            "researchAndDevelopment": "None",
            "operatingExpenses": "2959000000",
            "investmentIncomeNet": "None",
            "netInterestIncome": "10691000000",
            "interestIncome": "12650000000",
            "interestExpense": "1959000000",
            "nonInterestIncome": "6756000000",
            "otherNonOperatingIncome": "31000000",
            "depreciation": "None",
            "depreciationAndAmortization": "1035000000",
            "incomeBeforeTax": "5837000000",
            "incomeTaxExpense": "1193000000",
            "interestAndDebtExpense": "2252000000",
            "netIncomeFromContinuingOperations": "4645000000",
            "comprehensiveIncomeNetOfTax": "2913000000",
            "ebit": "7796000000",
            "ebitda": "9124000000",
            "netIncome": "4644000000"
        },
        {
            "fiscalDateEnding": "2021-06-30",
            "reportedCurrency": "USD",
            "grossProfit": "7393000000",
            "totalRevenue": "17753000000",
            "costOfRevenue": "10081000000",
            "costofGoodsAndServicesSold": "-15000000",
            "operatingIncome": "4600000000",
            "sellingGeneralAndAdministrative": "2793000000",
            "researchAndDevelopment": "None",
            "operatingExpenses": "2793000000",
            "investmentIncomeNet": "None",
            "netInterestIncome": "10478000000",
            "interestIncome": "12463000000",
            "interestExpense": "1985000000",
            "nonInterestIncome": "7275000000",
            "otherNonOperatingIncome": "451000000",
            "depreciation": "None",
            "depreciationAndAmortization": "982000000",
            "incomeBeforeTax": "7348000000",
            "incomeTaxExpense": "1155000000",
            "interestAndDebtExpense": "2264000000",
            "netIncomeFromContinuingOperations": "6183000000",
            "comprehensiveIncomeNetOfTax": "6084000000",
            "ebit": "9333000000",
            "ebitda": "10594000000",
            "netIncome": "6193000000"
        },
        {
            "fiscalDateEnding": "2021-03-31",
            "reportedCurrency": "USD",
            "grossProfit": "9681000000",
            "totalRevenue": "19667000000",
            "costOfRevenue": "9646000000",
            "costofGoodsAndServicesSold": "None",
            "operatingIncome": "6914000000",
            "sellingGeneralAndAdministrative": "2698000000",
            "researchAndDevelopment": "None",
            "operatingExpenses": "2767000000",
            "investmentIncomeNet": "None",
            "netInterestIncome": "10506000000",
            "interestIncome": "12534000000",
            "interestExpense": "2028000000",
            "nonInterestIncome": "9161000000",
            "otherNonOperatingIncome": "285000000",
            "depreciation": "None",
            "depreciationAndAmortization": "962000000",
            "incomeBeforeTax": "10274000000",
            "incomeTaxExpense": "2332000000",
            "interestAndDebtExpense": "2368000000",
            "netIncomeFromContinuingOperations": "7944000000",
            "comprehensiveIncomeNetOfTax": "4989000000",
            "ebit": "12302000000",
            "ebitda": "13264000000",
            "netIncome": "7942000000"
        },
        {
            "fiscalDateEnding": "2020-12-31",
            "reportedCurrency": "USD",
            "grossProfit": "16878000000",
            "totalRevenue": "16832000000",
            "costOfRevenue": "-46000000",
            "costofGoodsAndServicesSold": "None",
            "operatingIncome": "16545000000",
            "sellingGeneralAndAdministrative": "3011000000",
            "researchAndDevelopment": "None",
            "operatingExpenses": "3441000000",
            "investmentIncomeNet": "None",
            "netInterestIncome": "11686000000",
            "interestIncome": "13047000000",
            "interestExpense": "1361000000",
            "nonInterestIncome": "6016000000",
            "otherNonOperatingIncome": "210000000",
            "depreciation": "None",
            "depreciationAndAmortization": "1051000000",
            "incomeBeforeTax": "5425000000",
            "incomeTaxExpense": "1116000000",
            "interestAndDebtExpense": "2564000000",
            "netIncomeFromContinuingOperations": "4303000000",
            "comprehensiveIncomeNetOfTax": "5316000000",
            "ebit": "6786000000",
            "ebitda": "8264000000",
            "netIncome": "4309000000"
        },
        {
            "fiscalDateEnding": "2020-09-30",
            "reportedCurrency": "USD",
            "grossProfit": "15293000000",
            "totalRevenue": "17677000000",
            "costOfRevenue": "2384000000",
            "costofGoodsAndServicesSold": "None",
            "operatingIncome": "12336000000",
            "sellingGeneralAndAdministrative": "2704000000",
            "researchAndDevelopment": "None",
            "operatingExpenses": "2704000000",
            "investmentIncomeNet": "None",
            "netInterestIncome": "10493000000",
            "interestIncome": "13314000000",
            "interestExpense": "2821000000",
            "nonInterestIncome": "6809000000",
            "otherNonOperatingIncome": "378000000",
            "depreciation": "None",
            "depreciationAndAmortization": "1033000000",
            "incomeBeforeTax": "3923000000",
            "incomeTaxExpense": "777000000",
            "interestAndDebtExpense": "2821000000",
            "netIncomeFromContinuingOperations": "3153000000",
            "comprehensiveIncomeNetOfTax": "3426000000",
            "ebit": "6744000000",
            "ebitda": "7524000000",
            "netIncome": "3146000000"
        },
        {
            "fiscalDateEnding": "2020-06-30",
            "reportedCurrency": "USD",
            "grossProfit": "11839000000",
            "totalRevenue": "20036000000",
            "costOfRevenue": "8197000000",
            "costofGoodsAndServicesSold": "-7903000000",
            "operatingIncome": "9261000000",
            "sellingGeneralAndAdministrative": "2602000000",
            "researchAndDevelopment": "None",
            "operatingExpenses": "2602000000",
            "investmentIncomeNet": "None",
            "netInterestIncome": "11080000000",
            "interestIncome": "14589000000",
            "interestExpense": "3509000000",
            "nonInterestIncome": "8686000000",
            "otherNonOperatingIncome": "106000000",
            "depreciation": "None",
            "depreciationAndAmortization": "926000000",
            "incomeBeforeTax": "1108000000",
            "incomeTaxExpense": "52000000",
            "interestAndDebtExpense": "3509000000",
            "netIncomeFromContinuingOperations": "1057000000",
            "comprehensiveIncomeNetOfTax": "232000000",
            "ebit": "4617000000",
            "ebitda": "5612000000",
            "netIncome": "1056000000"
        },
        {
            "fiscalDateEnding": "2020-03-31",
            "reportedCurrency": "USD",
            "grossProfit": "13996000000",
            "totalRevenue": "20956000000",
            "costOfRevenue": "6960000000",
            "costofGoodsAndServicesSold": "-7027000000",
            "operatingIncome": "11033000000",
            "sellingGeneralAndAdministrative": "2616000000",
            "researchAndDevelopment": "None",
            "operatingExpenses": "2671000000",
            "investmentIncomeNet": "None",
            "netInterestIncome": "11492000000",
            "interestIncome": "17139000000",
            "interestExpense": "5647000000",
            "nonInterestIncome": "9239000000",
            "otherNonOperatingIncome": "-274000000",
            "depreciation": "None",
            "depreciationAndAmortization": "927000000",
            "incomeBeforeTax": "3116000000",
            "incomeTaxExpense": "580000000",
            "interestAndDebtExpense": "5647000000",
            "netIncomeFromContinuingOperations": "2554000000",
            "comprehensiveIncomeNetOfTax": "6333000000",
            "ebit": "8763000000",
            "ebitda": "9447000000",
            "netIncome": "2536000000"
        },
        {
            "fiscalDateEnding": "2019-12-31",
            "reportedCurrency": "USD",
            "grossProfit": "16156000000",
            "totalRevenue": "18378000000",
            "costOfRevenue": "2222000000",
            "costofGoodsAndServicesSold": "-8383000000",
            "operatingIncome": "16156000000",
            "sellingGeneralAndAdministrative": "2810000000",
            "researchAndDevelopment": "None",
            "operatingExpenses": "3378000000",
            "investmentIncomeNet": "None",
            "netInterestIncome": "12778000000",
            "interestIncome": "18545000000",
            "interestExpense": "5767000000",
            "nonInterestIncome": "6381000000",
            "otherNonOperatingIncome": "603000000",
            "depreciation": "None",
            "depreciationAndAmortization": "1039000000",
            "incomeBeforeTax": "5682000000",
            "incomeTaxExpense": "703000000",
            "interestAndDebtExpense": "6548000000",
            "netIncomeFromContinuingOperations": "4983000000",
            "comprehensiveIncomeNetOfTax": "4796000000",
            "ebit": "11449000000",
            "ebitda": "13069000000",
            "netIncome": "4979000000"
        },
        {
            "fiscalDateEnding": "2019-09-30",
            "reportedCurrency": "USD",
            "grossProfit": "16486000000",
            "totalRevenue": "18574000000",
            "costOfRevenue": "2088000000",
            "costofGoodsAndServicesSold": "None",
            "operatingIncome": "3264000000",
            "sellingGeneralAndAdministrative": "2741000000",
            "researchAndDevelopment": "None",
            "operatingExpenses": "2741000000",
            "investmentIncomeNet": "None",
            "netInterestIncome": "11641000000",
            "interestIncome": "19177000000",
            "interestExpense": "7536000000",
            "nonInterestIncome": "6933000000",
            "otherNonOperatingIncome": "-2000000",
            "depreciation": "None",
            "depreciationAndAmortization": "983000000",
            "incomeBeforeTax": "5992000000",
            "incomeTaxExpense": "1079000000",
            "interestAndDebtExpense": "7536000000",
            "netIncomeFromContinuingOperations": "4928000000",
            "comprehensiveIncomeNetOfTax": "3981000000",
            "ebit": "13528000000",
            "ebitda": "14312000000",
            "netIncome": "4913000000"
        },
        {
            "fiscalDateEnding": "2019-06-30",
            "reportedCurrency": "USD",
            "grossProfit": "16665000000",
            "totalRevenue": "18758000000",
            "costOfRevenue": "2093000000",
            "costofGoodsAndServicesSold": "None",
            "operatingIncome": "3419000000",
            "sellingGeneralAndAdministrative": "2727000000",
            "researchAndDevelopment": "None",
            "operatingExpenses": "2727000000",
            "investmentIncomeNet": "None",
            "netInterestIncome": "11950000000",
            "interestIncome": "19712000000",
            "interestExpense": "7762000000",
            "nonInterestIncome": "6808000000",
            "otherNonOperatingIncome": "721000000",
            "depreciation": "None",
            "depreciationAndAmortization": "952000000",
            "incomeBeforeTax": "6172000000",
            "incomeTaxExpense": "1373000000",
            "interestAndDebtExpense": "7762000000",
            "netIncomeFromContinuingOperations": "4782000000",
            "comprehensiveIncomeNetOfTax": "5904000000",
            "ebit": "13934000000",
            "ebitda": "14697000000",
            "netIncome": "4799000000"
        },
        {
            "fiscalDateEnding": "2019-03-31",
            "reportedCurrency": "USD",
            "grossProfit": "16596000000",
            "totalRevenue": "18576000000",
            "costOfRevenue": "1980000000",
            "costofGoodsAndServicesSold": "None",
            "operatingIncome": "3349000000",
            "sellingGeneralAndAdministrative": "2643000000",
            "researchAndDevelopment": "None",
            "operatingExpenses": "2651000000",
            "investmentIncomeNet": "None",
            "netInterestIncome": "11759000000",
            "interestIncome": "19076000000",
            "interestExpense": "7317000000",
            "nonInterestIncome": "6817000000",
            "otherNonOperatingIncome": "126000000",
            "depreciation": "None",
            "depreciationAndAmortization": "931000000",
            "incomeBeforeTax": "5985000000",
            "incomeTaxExpense": "1275000000",
            "interestAndDebtExpense": "7317000000",
            "netIncomeFromContinuingOperations": "4712000000",
            "comprehensiveIncomeNetOfTax": "5572000000",
            "ebit": "13302000000",
            "ebitda": "14040000000",
            "netIncome": "4710000000"
        },
        {
            "fiscalDateEnding": "2018-12-31",
            "reportedCurrency": "USD",
            "grossProfit": "15199000000",
            "totalRevenue": "17124000000",
            "costOfRevenue": "1925000000",
            "costofGoodsAndServicesSold": "14613000000",
            "operatingIncome": "5306000000",
            "sellingGeneralAndAdministrative": "3803000000",
            "researchAndDevelopment": "None",
            "operatingExpenses": "4379000000",
            "investmentIncomeNet": "None",
            "netInterestIncome": "11923000000",
            "interestIncome": "18776000000",
            "interestExpense": "6853000000",
            "nonInterestIncome": "5201000000",
            "otherNonOperatingIncome": "224000000",
            "depreciation": "None",
            "depreciationAndAmortization": "954000000",
            "incomeBeforeTax": "5314000000",
            "incomeTaxExpense": "1001000000",
            "interestAndDebtExpense": "6853000000",
            "netIncomeFromContinuingOperations": "4321000000",
            "comprehensiveIncomeNetOfTax": "5788000000",
            "ebit": "12167000000",
            "ebitda": "12945000000",
            "netIncome": "4313000000"
        },
        {
            "fiscalDateEnding": "2018-09-30",
            "reportedCurrency": "USD",
            "grossProfit": "16415000000",
            "totalRevenue": "18389000000",
            "costOfRevenue": "1974000000",
            "costofGoodsAndServicesSold": "13920000000",
            "operatingIncome": "3329000000",
            "sellingGeneralAndAdministrative": "2749000000",
            "researchAndDevelopment": "None",
            "operatingExpenses": "2749000000",
            "investmentIncomeNet": "None",
            "netInterestIncome": "11802000000",
            "interestIncome": "18170000000",
            "interestExpense": "6368000000",
            "nonInterestIncome": "6587000000",
            "otherNonOperatingIncome": "510000000",
            "depreciation": "None",
            "depreciationAndAmortization": "945000000",
            "incomeBeforeTax": "6093000000",
            "incomeTaxExpense": "1471000000",
            "interestAndDebtExpense": "6368000000",
            "netIncomeFromContinuingOperations": "4630000000",
            "comprehensiveIncomeNetOfTax": "3471000000",
            "ebit": "12461000000",
            "ebitda": "13095000000",
            "netIncome": "4622000000"
        },
        {
            "fiscalDateEnding": "2018-06-30",
            "reportedCurrency": "USD",
            "grossProfit": "16657000000",
            "totalRevenue": "18469000000",
            "costOfRevenue": "1812000000",
            "costofGoodsAndServicesSold": "13839000000",
            "operatingIncome": "3146000000",
            "sellingGeneralAndAdministrative": "2778000000",
            "researchAndDevelopment": "None",
            "operatingExpenses": "2778000000",
            "investmentIncomeNet": "None",
            "netInterestIncome": "11665000000",
            "interestIncome": "17550000000",
            "interestExpense": "5885000000",
            "nonInterestIncome": "6804000000",
            "otherNonOperatingIncome": "546000000",
            "depreciation": "None",
            "depreciationAndAmortization": "929000000",
            "incomeBeforeTax": "5934000000",
            "incomeTaxExpense": "1444000000",
            "interestAndDebtExpense": "5885000000",
            "netIncomeFromContinuingOperations": "4475000000",
            "comprehensiveIncomeNetOfTax": "1615000000",
            "ebit": "11819000000",
            "ebitda": "12429000000",
            "netIncome": "4490000000"
        },
        {
            "fiscalDateEnding": "2018-03-31",
            "reportedCurrency": "USD",
            "grossProfit": "17015000000",
            "totalRevenue": "18872000000",
            "costOfRevenue": "1857000000",
            "costofGoodsAndServicesSold": "13853000000",
            "operatingIncome": "-2503000000",
            "sellingGeneralAndAdministrative": "8539000000",
            "researchAndDevelopment": "None",
            "operatingExpenses": "8567000000",
            "investmentIncomeNet": "None",
            "netInterestIncome": "11172000000",
            "interestIncome": "16332000000",
            "interestExpense": "5160000000",
            "nonInterestIncome": "7700000000",
            "otherNonOperatingIncome": "381000000",
            "depreciation": "None",
            "depreciationAndAmortization": "926000000",
            "incomeBeforeTax": "6061000000",
            "incomeTaxExpense": "1441000000",
            "interestAndDebtExpense": "5160000000",
            "netIncomeFromContinuingOperations": "4627000000",
            "comprehensiveIncomeNetOfTax": "4672000000",
            "ebit": "11221000000",
            "ebitda": "11771000000",
            "netIncome": "4620000000"
        }
    ]
}