{
    "symbol": "CDAY",
    "annualReports": [
        {
            "fiscalDateEnding": "2021-12-31",
            "reportedCurrency": "USD",
            "grossProfit": "382300000",
            "totalRevenue": "1024200000",
            "costOfRevenue": "641900000",
            "costofGoodsAndServicesSold": "50900000",
            "operatingIncome": "-35500000",
            "sellingGeneralAndAdministrative": "417800000",
            "researchAndDevelopment": "81100000",
            "operatingExpenses": "559100000",
            "investmentIncomeNet": "None",
            "netInterestIncome": "-35900000",
            "interestIncome": "None",
            "interestExpense": "35900000",
            "nonInterestIncome": "1024200000",
            "otherNonOperatingIncome": "-18900000",
            "depreciation": "53600000",
            "depreciationAndAmortization": "77500000",
            "incomeBeforeTax": "-90300000",
            "incomeTaxExpense": "-14900000",
            "interestAndDebtExpense": "35900000",
            "netIncomeFromContinuingOperations": "-75400000",
            "comprehensiveIncomeNetOfTax": "-124200000",
            "ebit": "-54400000",
            "ebitda": "23100000",
            "netIncome": "-75400000"
        },
        {
            "fiscalDateEnding": "2020-12-31",
            "reportedCurrency": "USD",
            "grossProfit": "341300000",
            "totalRevenue": "842500000",
            "costOfRevenue": "501200000",
            "costofGoodsAndServicesSold": "40500000",
            "operatingIncome": "7800000",
            "sellingGeneralAndAdministrative": "333500000",
            "researchAndDevelopment": "39600000",
            "operatingExpenses": "426900000",
            "investmentIncomeNet": "None",
            "netInterestIncome": "-25100000",
            "interestIncome": "None",
            "interestExpense": "25100000",
            "nonInterestIncome": "842000000",
            "otherNonOperatingIncome": "-2700000",
            "depreciation": "48000000",
            "depreciationAndAmortization": "51800000",
            "incomeBeforeTax": "-20000000",
            "incomeTaxExpense": "-16000000",
            "interestAndDebtExpense": "25600000",
            "netIncomeFromContinuingOperations": "-4000000",
            "comprehensiveIncomeNetOfTax": "58400000",
            "ebit": "5100000",
            "ebitda": "56900000",
            "netIncome": "-4000000"
        },
        {
            "fiscalDateEnding": "2019-12-31",
            "reportedCurrency": "USD",
            "grossProfit": "368200000",
            "totalRevenue": "824100000",
            "costOfRevenue": "455900000",
            "costofGoodsAndServicesSold": "36400000",
            "operatingIncome": "72300000",
            "sellingGeneralAndAdministrative": "295900000",
            "researchAndDevelopment": "34100000",
            "operatingExpenses": "390300000",
            "investmentIncomeNet": "None",
            "netInterestIncome": "-32400000",
            "interestIncome": "None",
            "interestExpense": "32400000",
            "nonInterestIncome": "823200000",
            "otherNonOperatingIncome": "-5600000",
            "depreciation": "40900000",
            "depreciationAndAmortization": "57100000",
            "incomeBeforeTax": "34300000",
            "incomeTaxExpense": "-44400000",
            "interestAndDebtExpense": "32900000",
            "netIncomeFromContinuingOperations": "78700000",
            "comprehensiveIncomeNetOfTax": "143300000",
            "ebit": "66700000",
            "ebitda": "123800000",
            "netIncome": "78700000"
        },
        {
            "fiscalDateEnding": "2018-12-31",
            "reportedCurrency": "USD",
            "grossProfit": "314900000",
            "totalRevenue": "746400000",
            "costOfRevenue": "425800000",
            "costofGoodsAndServicesSold": "34300000",
            "operatingIncome": "56100000",
            "sellingGeneralAndAdministrative": "258800000",
            "researchAndDevelopment": "29600000",
            "operatingExpenses": "357600000",
            "investmentIncomeNet": "None",
            "netInterestIncome": "-83200000",
            "interestIncome": "None",
            "interestExpense": "83200000",
            "nonInterestIncome": "-22800000",
            "otherNonOperatingIncome": "200000",
            "depreciation": "38100000",
            "depreciationAndAmortization": "56600000",
            "incomeBeforeTax": "-52200000",
            "incomeTaxExpense": "8400000",
            "interestAndDebtExpense": "108900000",
            "netIncomeFromContinuingOperations": "-34800000",
            "comprehensiveIncomeNetOfTax": "-126200000",
            "ebit": "31000000",
            "ebitda": "87600000",
            "netIncome": "-60600000"
        }
    ],
    "quarterlyReports": [
        {
            "fiscalDateEnding": "2022-09-30",
            "reportedCurrency": "USD",
            "grossProfit": "119000000",
            "totalRevenue": "315600000",
            "costOfRevenue": "196600000",
            "costofGoodsAndServicesSold": "13700000",
            "operatingIncome": "-3700000",
            "sellingGeneralAndAdministrative": "122700000",
            "researchAndDevelopment": "44800000",
            "operatingExpenses": "135800000",
            "investmentIncomeNet": "None",
            "netInterestIncome": "-7400000",
            "interestIncome": "None",
            "interestExpense": "7400000",
            "nonInterestIncome": "315600000",
            "otherNonOperatingIncome": "-5900000",
            "depreciation": "None",
            "depreciationAndAmortization": "21900000",
            "incomeBeforeTax": "-17000000",
            "incomeTaxExpense": "4000000",
            "interestAndDebtExpense": "7400000",
            "netIncomeFromContinuingOperations": "-21000000",
            "comprehensiveIncomeNetOfTax": "-91600000",
            "ebit": "-9600000",
            "ebitda": "12300000",
            "netIncome": "-21000000"
        },
        {
            "fiscalDateEnding": "2022-06-30",
            "reportedCurrency": "USD",
            "grossProfit": "116000000",
            "totalRevenue": "301200000",
            "costOfRevenue": "185200000",
            "costofGoodsAndServicesSold": "13300000",
            "operatingIncome": "-6500000",
            "sellingGeneralAndAdministrative": "122500000",
            "researchAndDevelopment": "39800000",
            "operatingExpenses": "135300000",
            "investmentIncomeNet": "None",
            "netInterestIncome": "-6700000",
            "interestIncome": "None",
            "interestExpense": "6700000",
            "nonInterestIncome": "301200000",
            "otherNonOperatingIncome": "-5800000",
            "depreciation": "None",
            "depreciationAndAmortization": "21600000",
            "incomeBeforeTax": "-19000000",
            "incomeTaxExpense": "800000",
            "interestAndDebtExpense": "6700000",
            "netIncomeFromContinuingOperations": "-19800000",
            "comprehensiveIncomeNetOfTax": "-92600000",
            "ebit": "-12300000",
            "ebitda": "9300000",
            "netIncome": "-19800000"
        },
        {
            "fiscalDateEnding": "2022-03-31",
            "reportedCurrency": "USD",
            "grossProfit": "103100000",
            "totalRevenue": "293300000",
            "costOfRevenue": "190200000",
            "costofGoodsAndServicesSold": "13000000",
            "operatingIncome": "-18900000",
            "sellingGeneralAndAdministrative": "122000000",
            "researchAndDevelopment": "40400000",
            "operatingExpenses": "143800000",
            "investmentIncomeNet": "None",
            "netInterestIncome": "-5800000",
            "interestIncome": "None",
            "interestExpense": "5800000",
            "nonInterestIncome": "293300000",
            "otherNonOperatingIncome": "300000",
            "depreciation": "None",
            "depreciationAndAmortization": "20900000",
            "incomeBeforeTax": "-24400000",
            "incomeTaxExpense": "3000000",
            "interestAndDebtExpense": "5800000",
            "netIncomeFromContinuingOperations": "-27400000",
            "comprehensiveIncomeNetOfTax": "-60500000",
            "ebit": "-18600000",
            "ebitda": "2300000",
            "netIncome": "-27400000"
        },
        {
            "fiscalDateEnding": "2021-12-31",
            "reportedCurrency": "USD",
            "grossProfit": "103900000",
            "totalRevenue": "282100000",
            "costOfRevenue": "178200000",
            "costofGoodsAndServicesSold": "13400000",
            "operatingIncome": "2600000",
            "sellingGeneralAndAdministrative": "101300000",
            "researchAndDevelopment": "134000000",
            "operatingExpenses": "181800000",
            "investmentIncomeNet": "None",
            "netInterestIncome": "-10400000",
            "interestIncome": "None",
            "interestExpense": "10400000",
            "nonInterestIncome": "282100000",
            "otherNonOperatingIncome": "-2700000",
            "depreciation": "None",
            "depreciationAndAmortization": "18200000",
            "incomeBeforeTax": "-10500000",
            "incomeTaxExpense": "-1000000",
            "interestAndDebtExpense": "10400000",
            "netIncomeFromContinuingOperations": "-9500000",
            "comprehensiveIncomeNetOfTax": "-48600000",
            "ebit": "-100000",
            "ebitda": "18100000",
            "netIncome": "-9500000"
        },
        {
            "fiscalDateEnding": "2021-09-30",
            "reportedCurrency": "USD",
            "grossProfit": "93100000",
            "totalRevenue": "257200000",
            "costOfRevenue": "164100000",
            "costofGoodsAndServicesSold": "12600000",
            "operatingIncome": "-16000000",
            "sellingGeneralAndAdministrative": "109100000",
            "researchAndDevelopment": "36000000",
            "operatingExpenses": "120800000",
            "investmentIncomeNet": "None",
            "netInterestIncome": "-10000000",
            "interestIncome": "None",
            "interestExpense": "10000000",
            "nonInterestIncome": "257200000",
            "otherNonOperatingIncome": "-3400000",
            "depreciation": "None",
            "depreciationAndAmortization": "21000000",
            "incomeBeforeTax": "-29400000",
            "incomeTaxExpense": "-8500000",
            "interestAndDebtExpense": "10000000",
            "netIncomeFromContinuingOperations": "-20900000",
            "comprehensiveIncomeNetOfTax": "-43900000",
            "ebit": "-19400000",
            "ebitda": "1600000",
            "netIncome": "-20900000"
        },
        {
            "fiscalDateEnding": "2021-06-30",
            "reportedCurrency": "USD",
            "grossProfit": "92100000",
            "totalRevenue": "250400000",
            "costOfRevenue": "158300000",
            "costofGoodsAndServicesSold": "13800000",
            "operatingIncome": "-19700000",
            "sellingGeneralAndAdministrative": "111800000",
            "researchAndDevelopment": "31000000",
            "operatingExpenses": "123100000",
            "investmentIncomeNet": "None",
            "netInterestIncome": "-9900000",
            "interestIncome": "None",
            "interestExpense": "9900000",
            "nonInterestIncome": "250400000",
            "otherNonOperatingIncome": "-8200000",
            "depreciation": "None",
            "depreciationAndAmortization": "23300000",
            "incomeBeforeTax": "-37800000",
            "incomeTaxExpense": "-12000000",
            "interestAndDebtExpense": "9900000",
            "netIncomeFromContinuingOperations": "-25800000",
            "comprehensiveIncomeNetOfTax": "-14000000",
            "ebit": "-27900000",
            "ebitda": "-4600000",
            "netIncome": "-25800000"
        },
        {
            "fiscalDateEnding": "2021-03-31",
            "reportedCurrency": "USD",
            "grossProfit": "93200000",
            "totalRevenue": "234500000",
            "costOfRevenue": "141300000",
            "costofGoodsAndServicesSold": "11100000",
            "operatingIncome": "-2400000",
            "sellingGeneralAndAdministrative": "95600000",
            "researchAndDevelopment": "25000000",
            "operatingExpenses": "111000000",
            "investmentIncomeNet": "None",
            "netInterestIncome": "-5600000",
            "interestIncome": "None",
            "interestExpense": "5600000",
            "nonInterestIncome": "234500000",
            "otherNonOperatingIncome": "-4600000",
            "depreciation": "None",
            "depreciationAndAmortization": "15000000",
            "incomeBeforeTax": "-12600000",
            "incomeTaxExpense": "6600000",
            "interestAndDebtExpense": "5600000",
            "netIncomeFromContinuingOperations": "-19200000",
            "comprehensiveIncomeNetOfTax": "-17700000",
            "ebit": "-7000000",
            "ebitda": "8000000",
            "netIncome": "-19200000"
        },
        {
            "fiscalDateEnding": "2020-12-31",
            "reportedCurrency": "USD",
            "grossProfit": "85500000",
            "totalRevenue": "222800000",
            "costOfRevenue": "137300000",
            "costofGoodsAndServicesSold": "10600000",
            "operatingIncome": "-21900000",
            "sellingGeneralAndAdministrative": "107400000",
            "researchAndDevelopment": "None",
            "operatingExpenses": "163900000",
            "investmentIncomeNet": "None",
            "netInterestIncome": "-5700000",
            "interestIncome": "None",
            "interestExpense": "5700000",
            "nonInterestIncome": "222300000",
            "otherNonOperatingIncome": "0",
            "depreciation": "None",
            "depreciationAndAmortization": "14900000",
            "incomeBeforeTax": "-27600000",
            "incomeTaxExpense": "-10300000",
            "interestAndDebtExpense": "6200000",
            "netIncomeFromContinuingOperations": "-17300000",
            "comprehensiveIncomeNetOfTax": "20900000",
            "ebit": "-21900000",
            "ebitda": "-7000000",
            "netIncome": "-17300000"
        },
        {
            "fiscalDateEnding": "2020-09-30",
            "reportedCurrency": "USD",
            "grossProfit": "76700000",
            "totalRevenue": "204400000",
            "costOfRevenue": "127700000",
            "costofGoodsAndServicesSold": "10300000",
            "operatingIncome": "-600000",
            "sellingGeneralAndAdministrative": "77300000",
            "researchAndDevelopment": "None",
            "operatingExpenses": "87100000",
            "investmentIncomeNet": "None",
            "netInterestIncome": "-5900000",
            "interestIncome": "None",
            "interestExpense": "5900000",
            "nonInterestIncome": "204400000",
            "otherNonOperatingIncome": "200000",
            "depreciation": "None",
            "depreciationAndAmortization": "13000000",
            "incomeBeforeTax": "-6300000",
            "incomeTaxExpense": "-5500000",
            "interestAndDebtExpense": "5900000",
            "netIncomeFromContinuingOperations": "-800000",
            "comprehensiveIncomeNetOfTax": "13700000",
            "ebit": "-400000",
            "ebitda": "12600000",
            "netIncome": "-800000"
        },
        {
            "fiscalDateEnding": "2020-06-30",
            "reportedCurrency": "USD",
            "grossProfit": "78600000",
            "totalRevenue": "192600000",
            "costOfRevenue": "114000000",
            "costofGoodsAndServicesSold": "9800000",
            "operatingIncome": "4000000",
            "sellingGeneralAndAdministrative": "74600000",
            "researchAndDevelopment": "None",
            "operatingExpenses": "83700000",
            "investmentIncomeNet": "None",
            "netInterestIncome": "-6600000",
            "interestIncome": "None",
            "interestExpense": "6600000",
            "nonInterestIncome": "192600000",
            "otherNonOperatingIncome": "-300000",
            "depreciation": "None",
            "depreciationAndAmortization": "12100000",
            "incomeBeforeTax": "-2900000",
            "incomeTaxExpense": "-8400000",
            "interestAndDebtExpense": "6600000",
            "netIncomeFromContinuingOperations": "5500000",
            "comprehensiveIncomeNetOfTax": "44600000",
            "ebit": "3700000",
            "ebitda": "15800000",
            "netIncome": "5500000"
        },
        {
            "fiscalDateEnding": "2020-03-31",
            "reportedCurrency": "USD",
            "grossProfit": "100500000",
            "totalRevenue": "222700000",
            "costOfRevenue": "122200000",
            "costofGoodsAndServicesSold": "9800000",
            "operatingIncome": "26300000",
            "sellingGeneralAndAdministrative": "74200000",
            "researchAndDevelopment": "None",
            "operatingExpenses": "86000000",
            "investmentIncomeNet": "None",
            "netInterestIncome": "-6900000",
            "interestIncome": "None",
            "interestExpense": "6900000",
            "nonInterestIncome": "222700000",
            "otherNonOperatingIncome": "-2600000",
            "depreciation": "None",
            "depreciationAndAmortization": "11800000",
            "incomeBeforeTax": "16800000",
            "incomeTaxExpense": "8200000",
            "interestAndDebtExpense": "6900000",
            "netIncomeFromContinuingOperations": "8600000",
            "comprehensiveIncomeNetOfTax": "-20600000",
            "ebit": "23700000",
            "ebitda": "35500000",
            "netIncome": "8600000"
        },
        {
            "fiscalDateEnding": "2019-12-31",
            "reportedCurrency": "USD",
            "grossProfit": "97800000",
            "totalRevenue": "221800000",
            "costOfRevenue": "124000000",
            "costofGoodsAndServicesSold": "9700000",
            "operatingIncome": "19700000",
            "sellingGeneralAndAdministrative": "78100000",
            "researchAndDevelopment": "None",
            "operatingExpenses": "128600000",
            "investmentIncomeNet": "None",
            "netInterestIncome": "-7200000",
            "interestIncome": "None",
            "interestExpense": "7200000",
            "nonInterestIncome": "221700000",
            "otherNonOperatingIncome": "-900000",
            "depreciation": "None",
            "depreciationAndAmortization": "13200000",
            "incomeBeforeTax": "11600000",
            "incomeTaxExpense": "13100000",
            "interestAndDebtExpense": "7700000",
            "netIncomeFromContinuingOperations": "-1500000",
            "comprehensiveIncomeNetOfTax": "8400000",
            "ebit": "18800000",
            "ebitda": "32000000",
            "netIncome": "-1500000"
        },
        {
            "fiscalDateEnding": "2019-09-30",
            "reportedCurrency": "USD",
            "grossProfit": "88800000",
            "totalRevenue": "202300000",
            "costOfRevenue": "113500000",
            "costofGoodsAndServicesSold": "9000000",
            "operatingIncome": "6500000",
            "sellingGeneralAndAdministrative": "82300000",
            "researchAndDevelopment": "None",
            "operatingExpenses": "90400000",
            "investmentIncomeNet": "None",
            "netInterestIncome": "-7800000",
            "interestIncome": "None",
            "interestExpense": "7800000",
            "nonInterestIncome": "202000000",
            "otherNonOperatingIncome": "-1600000",
            "depreciation": "None",
            "depreciationAndAmortization": "14900000",
            "incomeBeforeTax": "-2900000",
            "incomeTaxExpense": "-65600000",
            "interestAndDebtExpense": "7800000",
            "netIncomeFromContinuingOperations": "62700000",
            "comprehensiveIncomeNetOfTax": "53000000",
            "ebit": "4900000",
            "ebitda": "19800000",
            "netIncome": "62700000"
        },
        {
            "fiscalDateEnding": "2019-06-30",
            "reportedCurrency": "USD",
            "grossProfit": "88000000",
            "totalRevenue": "196300000",
            "costOfRevenue": "108300000",
            "costofGoodsAndServicesSold": "9000000",
            "operatingIncome": "18700000",
            "sellingGeneralAndAdministrative": "69300000",
            "researchAndDevelopment": "None",
            "operatingExpenses": "77000000",
            "investmentIncomeNet": "None",
            "netInterestIncome": "-8500000",
            "interestIncome": "None",
            "interestExpense": "8500000",
            "nonInterestIncome": "196100000",
            "otherNonOperatingIncome": "-1500000",
            "depreciation": "None",
            "depreciationAndAmortization": "14600000",
            "incomeBeforeTax": "8700000",
            "incomeTaxExpense": "2400000",
            "interestAndDebtExpense": "8500000",
            "netIncomeFromContinuingOperations": "6300000",
            "comprehensiveIncomeNetOfTax": "36700000",
            "ebit": "17200000",
            "ebitda": "31800000",
            "netIncome": "6300000"
        },
        {
            "fiscalDateEnding": "2019-03-31",
            "reportedCurrency": "USD",
            "grossProfit": "93600000",
            "totalRevenue": "203700000",
            "costOfRevenue": "110100000",
            "costofGoodsAndServicesSold": "8700000",
            "operatingIncome": "27400000",
            "sellingGeneralAndAdministrative": "66200000",
            "researchAndDevelopment": "None",
            "operatingExpenses": "80600000",
            "investmentIncomeNet": "None",
            "netInterestIncome": "-8900000",
            "interestIncome": "None",
            "interestExpense": "8900000",
            "nonInterestIncome": "154900000",
            "otherNonOperatingIncome": "-1600000",
            "depreciation": "None",
            "depreciationAndAmortization": "14400000",
            "incomeBeforeTax": "16900000",
            "incomeTaxExpense": "5700000",
            "interestAndDebtExpense": "8900000",
            "netIncomeFromContinuingOperations": "11200000",
            "comprehensiveIncomeNetOfTax": "45200000",
            "ebit": "25800000",
            "ebitda": "40200000",
            "netIncome": "11200000"
        },
        {
            "fiscalDateEnding": "2018-12-31",
            "reportedCurrency": "USD",
            "grossProfit": "86000000",
            "totalRevenue": "200300000",
            "costOfRevenue": "108800000",
            "costofGoodsAndServicesSold": "8600000",
            "operatingIncome": "20300000",
            "sellingGeneralAndAdministrative": "65700000",
            "researchAndDevelopment": "22100000",
            "operatingExpenses": "6100000",
            "investmentIncomeNet": "None",
            "netInterestIncome": "-8800000",
            "interestIncome": "None",
            "interestExpense": "8800000",
            "nonInterestIncome": "-543200000",
            "otherNonOperatingIncome": "-500000",
            "depreciation": "9700000",
            "depreciationAndAmortization": "14200000",
            "incomeBeforeTax": "12700000",
            "incomeTaxExpense": "2100000",
            "interestAndDebtExpense": "8800000",
            "netIncomeFromContinuingOperations": "8900000",
            "comprehensiveIncomeNetOfTax": "-37600000",
            "ebit": "8800000",
            "ebitda": "23000000",
            "netIncome": "-2100000"
        },
        {
            "fiscalDateEnding": "2018-09-30",
            "reportedCurrency": "USD",
            "grossProfit": "73500000",
            "totalRevenue": "179600000",
            "costOfRevenue": "104600000",
            "costofGoodsAndServicesSold": "8500000",
            "operatingIncome": "16200000",
            "sellingGeneralAndAdministrative": "57300000",
            "researchAndDevelopment": "7500000",
            "operatingExpenses": "64100000",
            "investmentIncomeNet": "None",
            "netInterestIncome": "-8800000",
            "interestIncome": "None",
            "interestExpense": "8800000",
            "nonInterestIncome": "179600000",
            "otherNonOperatingIncome": "-900000",
            "depreciation": "9600000",
            "depreciationAndAmortization": "14300000",
            "incomeBeforeTax": "3500000",
            "incomeTaxExpense": "-700000",
            "interestAndDebtExpense": "8800000",
            "netIncomeFromContinuingOperations": "7200000",
            "comprehensiveIncomeNetOfTax": "12200000",
            "ebit": "12300000",
            "ebitda": "26600000",
            "netIncome": "4200000"
        },
        {
            "fiscalDateEnding": "2018-06-30",
            "reportedCurrency": "USD",
            "grossProfit": "72500000",
            "totalRevenue": "179300000",
            "costOfRevenue": "106500000",
            "costofGoodsAndServicesSold": "8500000",
            "operatingIncome": "-8400000",
            "sellingGeneralAndAdministrative": "80900000",
            "researchAndDevelopment": "7600000",
            "operatingExpenses": "88700000",
            "investmentIncomeNet": "None",
            "netInterestIncome": "-43400000",
            "interestIncome": "None",
            "interestExpense": "43400000",
            "nonInterestIncome": "172200000",
            "otherNonOperatingIncome": "-600000",
            "depreciation": "9600000",
            "depreciationAndAmortization": "14200000",
            "incomeBeforeTax": "-62100000",
            "incomeTaxExpense": "1200000",
            "interestAndDebtExpense": "7100000",
            "netIncomeFromContinuingOperations": "-53600000",
            "comprehensiveIncomeNetOfTax": "-75300000",
            "ebit": "-18700000",
            "ebitda": "-4500000",
            "netIncome": "-63300000"
        },
        {
            "fiscalDateEnding": "2018-03-31",
            "reportedCurrency": "USD",
            "grossProfit": "82900000",
            "totalRevenue": "188800000",
            "costOfRevenue": "105900000",
            "costofGoodsAndServicesSold": "8800000",
            "operatingIncome": "28000000",
            "sellingGeneralAndAdministrative": "54900000",
            "researchAndDevelopment": "6400000",
            "operatingExpenses": "80500000",
            "investmentIncomeNet": "None",
            "netInterestIncome": "-22200000",
            "interestIncome": "None",
            "interestExpense": "22200000",
            "nonInterestIncome": "129700000",
            "otherNonOperatingIncome": "2200000",
            "depreciation": "9400000",
            "depreciationAndAmortization": "13900000",
            "incomeBeforeTax": "6400000",
            "incomeTaxExpense": "5800000",
            "interestAndDebtExpense": "22200000",
            "netIncomeFromContinuingOperations": "2700000",
            "comprehensiveIncomeNetOfTax": "-27100000",
            "ebit": "28600000",
            "ebitda": "42500000",
            "netIncome": "600000"
        },
        {
            "fiscalDateEnding": "2017-12-31",
            "reportedCurrency": "USD",
            "grossProfit": "84700000",
            "totalRevenue": "182400000",
            "costOfRevenue": "103100000",
            "costofGoodsAndServicesSold": "154100000",
            "operatingIncome": "38500000",
            "sellingGeneralAndAdministrative": "53100000",
            "researchAndDevelopment": "21400000",
            "operatingExpenses": "85100000",
            "investmentIncomeNet": "None",
            "netInterestIncome": "None",
            "interestIncome": "None",
            "interestExpense": "21800000",
            "nonInterestIncome": "None",
            "otherNonOperatingIncome": "-1900000",
            "depreciation": "9500000",
            "depreciationAndAmortization": "14100000",
            "incomeBeforeTax": "5200000",
            "incomeTaxExpense": "-52300000",
            "interestAndDebtExpense": "None",
            "netIncomeFromContinuingOperations": "61100000",
            "comprehensiveIncomeNetOfTax": "53900000",
            "ebit": "27000000",
            "ebitda": "41100000",
            "netIncome": "57500000"
        }
    ]
}