{
    "symbol": "CNC",
    "annualReports": [
        {
            "fiscalDateEnding": "2022-12-31",
            "reportedCurrency": "USD",
            "grossProfit": "122055000000",
            "totalRevenue": "144547000000",
            "costOfRevenue": "22492000000",
            "costofGoodsAndServicesSold": "7032000000",
            "operatingIncome": "1318000000",
            "sellingGeneralAndAdministrative": "11589000000",
            "researchAndDevelopment": "None",
            "operatingExpenses": "14909000000",
            "investmentIncomeNet": "None",
            "netInterestIncome": "-665000000",
            "interestIncome": "665000000",
            "interestExpense": "665000000",
            "nonInterestIncome": "136055000000",
            "otherNonOperatingIncome": "1279000000",
            "depreciation": "614000000",
            "depreciationAndAmortization": "1553000000",
            "incomeBeforeTax": "1962000000",
            "incomeTaxExpense": "760000000",
            "interestAndDebtExpense": "640000000",
            "netIncomeFromContinuingOperations": "1202000000",
            "comprehensiveIncomeNetOfTax": "-7000000",
            "ebit": "2627000000",
            "ebitda": "4180000000",
            "netIncome": "1202000000"
        },
        {
            "fiscalDateEnding": "2021-12-31",
            "reportedCurrency": "USD",
            "grossProfit": "109217000000",
            "totalRevenue": "125982000000",
            "costOfRevenue": "16765000000",
            "costofGoodsAndServicesSold": "4894000000",
            "operatingIncome": "1784000000",
            "sellingGeneralAndAdministrative": "9601000000",
            "researchAndDevelopment": "None",
            "operatingExpenses": "13033000000",
            "investmentIncomeNet": "None",
            "netInterestIncome": "-665000000",
            "interestIncome": "665000000",
            "interestExpense": "665000000",
            "nonInterestIncome": "117946000000",
            "otherNonOperatingIncome": "819000000",
            "depreciation": "565000000",
            "depreciationAndAmortization": "1476000000",
            "incomeBeforeTax": "1824000000",
            "incomeTaxExpense": "477000000",
            "interestAndDebtExpense": "790000000",
            "netIncomeFromContinuingOperations": "1336000000",
            "comprehensiveIncomeNetOfTax": "1087000000",
            "ebit": "2489000000",
            "ebitda": "3965000000",
            "netIncome": "1347000000"
        },
        {
            "fiscalDateEnding": "2020-12-31",
            "reportedCurrency": "USD",
            "grossProfit": "96614000000",
            "totalRevenue": "111115000000",
            "costOfRevenue": "14501000000",
            "costofGoodsAndServicesSold": "3303000000",
            "operatingIncome": "3082000000",
            "sellingGeneralAndAdministrative": "9380000000",
            "researchAndDevelopment": "None",
            "operatingExpenses": "11094000000",
            "investmentIncomeNet": "None",
            "netInterestIncome": "-728000000",
            "interestIncome": "728000000",
            "interestExpense": "728000000",
            "nonInterestIncome": "103847000000",
            "otherNonOperatingIncome": "480000000",
            "depreciation": "487000000",
            "depreciationAndAmortization": "1259000000",
            "incomeBeforeTax": "2787000000",
            "incomeTaxExpense": "979000000",
            "interestAndDebtExpense": "785000000",
            "netIncomeFromContinuingOperations": "1794000000",
            "comprehensiveIncomeNetOfTax": "2011000000",
            "ebit": "3515000000",
            "ebitda": "4774000000",
            "netIncome": "1808000000"
        },
        {
            "fiscalDateEnding": "2019-12-31",
            "reportedCurrency": "USD",
            "grossProfit": "64727000000",
            "totalRevenue": "74639000000",
            "costOfRevenue": "9912000000",
            "costofGoodsAndServicesSold": "2465000000",
            "operatingIncome": "1781000000",
            "sellingGeneralAndAdministrative": "6533000000",
            "researchAndDevelopment": "None",
            "operatingExpenses": "7447000000",
            "investmentIncomeNet": "None",
            "netInterestIncome": "-412000000",
            "interestIncome": "412000000",
            "interestExpense": "412000000",
            "nonInterestIncome": "70334000000",
            "otherNonOperatingIncome": "413000000",
            "depreciation": "342000000",
            "depreciationAndAmortization": "643000000",
            "incomeBeforeTax": "1794000000",
            "incomeTaxExpense": "473000000",
            "interestAndDebtExpense": "442000000",
            "netIncomeFromContinuingOperations": "1309000000",
            "comprehensiveIncomeNetOfTax": "1511000000",
            "ebit": "2206000000",
            "ebitda": "2849000000",
            "netIncome": "1321000000"
        },
        {
            "fiscalDateEnding": "2018-12-31",
            "reportedCurrency": "USD",
            "grossProfit": "51192000000",
            "totalRevenue": "60116000000",
            "costOfRevenue": "8924000000",
            "costofGoodsAndServicesSold": "2386000000",
            "operatingIncome": "1458000000",
            "sellingGeneralAndAdministrative": "6043000000",
            "researchAndDevelopment": "None",
            "operatingExpenses": "6538000000",
            "investmentIncomeNet": "None",
            "netInterestIncome": "-343000000",
            "interestIncome": "343000000",
            "interestExpense": "343000000",
            "nonInterestIncome": "56435000000",
            "otherNonOperatingIncome": "253000000",
            "depreciation": "237000000",
            "depreciationAndAmortization": "495000000",
            "incomeBeforeTax": "1374000000",
            "incomeTaxExpense": "474000000",
            "interestAndDebtExpense": "343000000",
            "netIncomeFromContinuingOperations": "894000000",
            "comprehensiveIncomeNetOfTax": "847000000",
            "ebit": "1717000000",
            "ebitda": "2212000000",
            "netIncome": "900000000"
        }
    ],
    "quarterlyReports": [
        {
            "fiscalDateEnding": "2022-12-31",
            "reportedCurrency": "USD",
            "grossProfit": "30035000000",
            "totalRevenue": "35561000000",
            "costOfRevenue": "5526000000",
            "costofGoodsAndServicesSold": "1374000000",
            "operatingIncome": "-282000000",
            "sellingGeneralAndAdministrative": "3198000000",
            "researchAndDevelopment": "None",
            "operatingExpenses": "4104000000",
            "investmentIncomeNet": "None",
            "netInterestIncome": "-174000000",
            "interestIncome": "174000000",
            "interestExpense": "174000000",
            "nonInterestIncome": "33600000000",
            "otherNonOperatingIncome": "493000000",
            "depreciation": "144000000",
            "depreciationAndAmortization": "375000000",
            "incomeBeforeTax": "47000000",
            "incomeTaxExpense": "260000000",
            "interestAndDebtExpense": "175000000",
            "netIncomeFromContinuingOperations": "-213000000",
            "comprehensiveIncomeNetOfTax": "49000000",
            "ebit": "221000000",
            "ebitda": "596000000",
            "netIncome": "-213000000"
        },
        {
            "fiscalDateEnding": "2022-09-30",
            "reportedCurrency": "USD",
            "grossProfit": "30948000000",
            "totalRevenue": "35865000000",
            "costOfRevenue": "4917000000",
            "costofGoodsAndServicesSold": "1571000000",
            "operatingIncome": "476000000",
            "sellingGeneralAndAdministrative": "2846000000",
            "researchAndDevelopment": "None",
            "operatingExpenses": "3346000000",
            "investmentIncomeNet": "None",
            "netInterestIncome": "-169000000",
            "interestIncome": "169000000",
            "interestExpense": "169000000",
            "nonInterestIncome": "33726000000",
            "otherNonOperatingIncome": "692000000",
            "depreciation": "150000000",
            "depreciationAndAmortization": "391000000",
            "incomeBeforeTax": "1007000000",
            "incomeTaxExpense": "269000000",
            "interestAndDebtExpense": "169000000",
            "netIncomeFromContinuingOperations": "738000000",
            "comprehensiveIncomeNetOfTax": "257000000",
            "ebit": "1176000000",
            "ebitda": "1567000000",
            "netIncome": "738000000"
        },
        {
            "fiscalDateEnding": "2022-06-30",
            "reportedCurrency": "USD",
            "grossProfit": "29388000000",
            "totalRevenue": "35936000000",
            "costOfRevenue": "6548000000",
            "costofGoodsAndServicesSold": "2099000000",
            "operatingIncome": "-129000000",
            "sellingGeneralAndAdministrative": "2800000000",
            "researchAndDevelopment": "None",
            "operatingExpenses": "4449000000",
            "investmentIncomeNet": "None",
            "netInterestIncome": "-162000000",
            "interestIncome": "162000000",
            "interestExpense": "162000000",
            "nonInterestIncome": "33968000000",
            "otherNonOperatingIncome": "42000000",
            "depreciation": "164000000",
            "depreciationAndAmortization": "397000000",
            "incomeBeforeTax": "-237000000",
            "incomeTaxExpense": "-65000000",
            "interestAndDebtExpense": "162000000",
            "netIncomeFromContinuingOperations": "-172000000",
            "comprehensiveIncomeNetOfTax": "-600000000",
            "ebit": "-75000000",
            "ebitda": "322000000",
            "netIncome": "-172000000"
        },
        {
            "fiscalDateEnding": "2022-03-31",
            "reportedCurrency": "USD",
            "grossProfit": "32062000000",
            "totalRevenue": "37185000000",
            "costOfRevenue": "5123000000",
            "costofGoodsAndServicesSold": "1988000000",
            "operatingIncome": "1253000000",
            "sellingGeneralAndAdministrative": "2745000000",
            "researchAndDevelopment": "None",
            "operatingExpenses": "3135000000",
            "investmentIncomeNet": "None",
            "netInterestIncome": "-160000000",
            "interestIncome": "160000000",
            "interestExpense": "160000000",
            "nonInterestIncome": "34235000000",
            "otherNonOperatingIncome": "52000000",
            "depreciation": "156000000",
            "depreciationAndAmortization": "390000000",
            "incomeBeforeTax": "1145000000",
            "incomeTaxExpense": "296000000",
            "interestAndDebtExpense": "157000000",
            "netIncomeFromContinuingOperations": "849000000",
            "comprehensiveIncomeNetOfTax": "287000000",
            "ebit": "1305000000",
            "ebitda": "1695000000",
            "netIncome": "849000000"
        },
        {
            "fiscalDateEnding": "2021-12-31",
            "reportedCurrency": "USD",
            "grossProfit": "-17000000",
            "totalRevenue": "32568000000",
            "costOfRevenue": "4604000000",
            "costofGoodsAndServicesSold": "1384000000",
            "operatingIncome": "603000000",
            "sellingGeneralAndAdministrative": "2691000000",
            "researchAndDevelopment": "None",
            "operatingExpenses": "3070000000",
            "investmentIncomeNet": "None",
            "netInterestIncome": "-162000000",
            "interestIncome": "162000000",
            "interestExpense": "162000000",
            "nonInterestIncome": "-17000000",
            "otherNonOperatingIncome": "253000000",
            "depreciation": "151000000",
            "depreciationAndAmortization": "378000000",
            "incomeBeforeTax": "700000000",
            "incomeTaxExpense": "101000000",
            "interestAndDebtExpense": "17000000",
            "netIncomeFromContinuingOperations": "-17000000",
            "comprehensiveIncomeNetOfTax": "500000000",
            "ebit": "862000000",
            "ebitda": "1240000000",
            "netIncome": "599000000"
        },
        {
            "fiscalDateEnding": "2021-09-30",
            "reportedCurrency": "USD",
            "grossProfit": "27940000000",
            "totalRevenue": "32406000000",
            "costOfRevenue": "4466000000",
            "costofGoodsAndServicesSold": "1355000000",
            "operatingIncome": "545000000",
            "sellingGeneralAndAdministrative": "2537000000",
            "researchAndDevelopment": "None",
            "operatingExpenses": "3111000000",
            "investmentIncomeNet": "None",
            "netInterestIncome": "-170000000",
            "interestIncome": "170000000",
            "interestExpense": "170000000",
            "nonInterestIncome": "30514000000",
            "otherNonOperatingIncome": "424000000",
            "depreciation": "147000000",
            "depreciationAndAmortization": "381000000",
            "incomeBeforeTax": "723000000",
            "incomeTaxExpense": "139000000",
            "interestAndDebtExpense": "170000000",
            "netIncomeFromContinuingOperations": "584000000",
            "comprehensiveIncomeNetOfTax": "521000000",
            "ebit": "893000000",
            "ebitda": "1274000000",
            "netIncome": "584000000"
        },
        {
            "fiscalDateEnding": "2021-06-30",
            "reportedCurrency": "USD",
            "grossProfit": "27457000000",
            "totalRevenue": "31025000000",
            "costOfRevenue": "3568000000",
            "costofGoodsAndServicesSold": "1107000000",
            "operatingIncome": "-418000000",
            "sellingGeneralAndAdministrative": "2139000000",
            "researchAndDevelopment": "None",
            "operatingExpenses": "3711000000",
            "investmentIncomeNet": "None",
            "netInterestIncome": "-163000000",
            "interestIncome": "163000000",
            "interestExpense": "163000000",
            "nonInterestIncome": "28862000000",
            "otherNonOperatingIncome": "39000000",
            "depreciation": "134000000",
            "depreciationAndAmortization": "356000000",
            "incomeBeforeTax": "-542000000",
            "incomeTaxExpense": "-7000000",
            "interestAndDebtExpense": "163000000",
            "netIncomeFromContinuingOperations": "-535000000",
            "comprehensiveIncomeNetOfTax": "-472000000",
            "ebit": "-379000000",
            "ebitda": "-23000000",
            "netIncome": "-535000000"
        },
        {
            "fiscalDateEnding": "2021-03-31",
            "reportedCurrency": "USD",
            "grossProfit": "26207000000",
            "totalRevenue": "29983000000",
            "costOfRevenue": "3776000000",
            "costofGoodsAndServicesSold": "1048000000",
            "operatingIncome": "1054000000",
            "sellingGeneralAndAdministrative": "2234000000",
            "researchAndDevelopment": "None",
            "operatingExpenses": "2728000000",
            "investmentIncomeNet": "None",
            "netInterestIncome": "-170000000",
            "interestIncome": "170000000",
            "interestExpense": "170000000",
            "nonInterestIncome": "28068000000",
            "otherNonOperatingIncome": "103000000",
            "depreciation": "133000000",
            "depreciationAndAmortization": "361000000",
            "incomeBeforeTax": "943000000",
            "incomeTaxExpense": "244000000",
            "interestAndDebtExpense": "216000000",
            "netIncomeFromContinuingOperations": "699000000",
            "comprehensiveIncomeNetOfTax": "538000000",
            "ebit": "1113000000",
            "ebitda": "1474000000",
            "netIncome": "699000000"
        },
        {
            "fiscalDateEnding": "2020-12-31",
            "reportedCurrency": "USD",
            "grossProfit": "-17000000",
            "totalRevenue": "28288000000",
            "costOfRevenue": "3402000000",
            "costofGoodsAndServicesSold": "784000000",
            "operatingIncome": "15000000",
            "sellingGeneralAndAdministrative": "2234000000",
            "researchAndDevelopment": "None",
            "operatingExpenses": "2618000000",
            "investmentIncomeNet": "None",
            "netInterestIncome": "-177000000",
            "interestIncome": "177000000",
            "interestExpense": "177000000",
            "nonInterestIncome": "-17000000",
            "otherNonOperatingIncome": "None",
            "depreciation": "None",
            "depreciationAndAmortization": "343000000",
            "incomeBeforeTax": "-67000000",
            "incomeTaxExpense": "-55000000",
            "interestAndDebtExpense": "17000000",
            "netIncomeFromContinuingOperations": "-17000000",
            "comprehensiveIncomeNetOfTax": "32000000",
            "ebit": "110000000",
            "ebitda": "453000000",
            "netIncome": "-12000000"
        },
        {
            "fiscalDateEnding": "2020-09-30",
            "reportedCurrency": "USD",
            "grossProfit": "25496000000",
            "totalRevenue": "29090000000",
            "costOfRevenue": "3594000000",
            "costofGoodsAndServicesSold": "861000000",
            "operatingIncome": "861000000",
            "sellingGeneralAndAdministrative": "2507000000",
            "researchAndDevelopment": "None",
            "operatingExpenses": "2733000000",
            "investmentIncomeNet": "None",
            "netInterestIncome": "-184000000",
            "interestIncome": "184000000",
            "interestExpense": "184000000",
            "nonInterestIncome": "27459000000",
            "otherNonOperatingIncome": "95000000",
            "depreciation": "None",
            "depreciationAndAmortization": "298000000",
            "incomeBeforeTax": "775000000",
            "incomeTaxExpense": "207000000",
            "interestAndDebtExpense": "184000000",
            "netIncomeFromContinuingOperations": "568000000",
            "comprehensiveIncomeNetOfTax": "616000000",
            "ebit": "959000000",
            "ebitda": "1257000000",
            "netIncome": "568000000"
        },
        {
            "fiscalDateEnding": "2020-06-30",
            "reportedCurrency": "USD",
            "grossProfit": "24356000000",
            "totalRevenue": "27712000000",
            "costOfRevenue": "3356000000",
            "costofGoodsAndServicesSold": "833000000",
            "operatingIncome": "2018000000",
            "sellingGeneralAndAdministrative": "2255000000",
            "researchAndDevelopment": "None",
            "operatingExpenses": "2523000000",
            "investmentIncomeNet": "None",
            "netInterestIncome": "-187000000",
            "interestIncome": "187000000",
            "interestExpense": "187000000",
            "nonInterestIncome": "25724000000",
            "otherNonOperatingIncome": "113000000",
            "depreciation": "None",
            "depreciationAndAmortization": "330000000",
            "incomeBeforeTax": "1948000000",
            "incomeTaxExpense": "742000000",
            "interestAndDebtExpense": "187000000",
            "netIncomeFromContinuingOperations": "1206000000",
            "comprehensiveIncomeNetOfTax": "1456000000",
            "ebit": "2135000000",
            "ebitda": "2465000000",
            "netIncome": "1206000000"
        },
        {
            "fiscalDateEnding": "2020-03-31",
            "reportedCurrency": "USD",
            "grossProfit": "22143000000",
            "totalRevenue": "26025000000",
            "costOfRevenue": "3882000000",
            "costofGoodsAndServicesSold": "825000000",
            "operatingIncome": "188000000",
            "sellingGeneralAndAdministrative": "2384000000",
            "researchAndDevelopment": "None",
            "operatingExpenses": "2964000000",
            "investmentIncomeNet": "None",
            "netInterestIncome": "-180000000",
            "interestIncome": "180000000",
            "interestExpense": "180000000",
            "nonInterestIncome": "24221000000",
            "otherNonOperatingIncome": "123000000",
            "depreciation": "None",
            "depreciationAndAmortization": "288000000",
            "incomeBeforeTax": "131000000",
            "incomeTaxExpense": "85000000",
            "interestAndDebtExpense": "224000000",
            "netIncomeFromContinuingOperations": "46000000",
            "comprehensiveIncomeNetOfTax": "-93000000",
            "ebit": "311000000",
            "ebitda": "599000000",
            "netIncome": "46000000"
        },
        {
            "fiscalDateEnding": "2019-12-31",
            "reportedCurrency": "USD",
            "grossProfit": "18863000000",
            "totalRevenue": "18863000000",
            "costOfRevenue": "2588000000",
            "costofGoodsAndServicesSold": "687000000",
            "operatingIncome": "277000000",
            "sellingGeneralAndAdministrative": "1733000000",
            "researchAndDevelopment": "None",
            "operatingExpenses": "1901000000",
            "investmentIncomeNet": "None",
            "netInterestIncome": "-113000000",
            "interestIncome": "113000000",
            "interestExpense": "113000000",
            "nonInterestIncome": "17982000000",
            "otherNonOperatingIncome": "96000000",
            "depreciation": "None",
            "depreciationAndAmortization": "168000000",
            "incomeBeforeTax": "267000000",
            "incomeTaxExpense": "58000000",
            "interestAndDebtExpense": "143000000",
            "netIncomeFromContinuingOperations": "18863000000",
            "comprehensiveIncomeNetOfTax": "198000000",
            "ebit": "380000000",
            "ebitda": "548000000",
            "netIncome": "209000000"
        },
        {
            "fiscalDateEnding": "2019-09-30",
            "reportedCurrency": "USD",
            "grossProfit": "16404000000",
            "totalRevenue": "18976000000",
            "costOfRevenue": "2572000000",
            "costofGoodsAndServicesSold": "619000000",
            "operatingIncome": "176000000",
            "sellingGeneralAndAdministrative": "1617000000",
            "researchAndDevelopment": "None",
            "operatingExpenses": "1953000000",
            "investmentIncomeNet": "None",
            "netInterestIncome": "-99000000",
            "interestIncome": "99000000",
            "interestExpense": "99000000",
            "nonInterestIncome": "18215000000",
            "otherNonOperatingIncome": "98000000",
            "depreciation": "None",
            "depreciationAndAmortization": "162000000",
            "incomeBeforeTax": "174000000",
            "incomeTaxExpense": "79000000",
            "interestAndDebtExpense": "99000000",
            "netIncomeFromContinuingOperations": "95000000",
            "comprehensiveIncomeNetOfTax": "121000000",
            "ebit": "273000000",
            "ebitda": "435000000",
            "netIncome": "95000000"
        },
        {
            "fiscalDateEnding": "2019-06-30",
            "reportedCurrency": "USD",
            "grossProfit": "16103000000",
            "totalRevenue": "18356000000",
            "costOfRevenue": "2253000000",
            "costofGoodsAndServicesSold": "615000000",
            "operatingIncome": "643000000",
            "sellingGeneralAndAdministrative": "1574000000",
            "researchAndDevelopment": "None",
            "operatingExpenses": "1638000000",
            "investmentIncomeNet": "None",
            "netInterestIncome": "-101000000",
            "interestIncome": "101000000",
            "interestExpense": "101000000",
            "nonInterestIncome": "17299000000",
            "otherNonOperatingIncome": "120000000",
            "depreciation": "None",
            "depreciationAndAmortization": "158000000",
            "incomeBeforeTax": "665000000",
            "incomeTaxExpense": "170000000",
            "interestAndDebtExpense": "101000000",
            "netIncomeFromContinuingOperations": "495000000",
            "comprehensiveIncomeNetOfTax": "576000000",
            "ebit": "766000000",
            "ebitda": "924000000",
            "netIncome": "495000000"
        },
        {
            "fiscalDateEnding": "2019-03-31",
            "reportedCurrency": "USD",
            "grossProfit": "16136000000",
            "totalRevenue": "18444000000",
            "costOfRevenue": "2308000000",
            "costofGoodsAndServicesSold": "544000000",
            "operatingIncome": "685000000",
            "sellingGeneralAndAdministrative": "1609000000",
            "researchAndDevelopment": "None",
            "operatingExpenses": "1764000000",
            "investmentIncomeNet": "None",
            "netInterestIncome": "-99000000",
            "interestIncome": "None",
            "interestExpense": "99000000",
            "nonInterestIncome": "16838000000",
            "otherNonOperatingIncome": "99000000",
            "depreciation": "None",
            "depreciationAndAmortization": "155000000",
            "incomeBeforeTax": "688000000",
            "incomeTaxExpense": "166000000",
            "interestAndDebtExpense": "99000000",
            "netIncomeFromContinuingOperations": "522000000",
            "comprehensiveIncomeNetOfTax": "616000000",
            "ebit": "787000000",
            "ebitda": "942000000",
            "netIncome": "522000000"
        },
        {
            "fiscalDateEnding": "2018-12-31",
            "reportedCurrency": "USD",
            "grossProfit": "16559000000",
            "totalRevenue": "16559000000",
            "costOfRevenue": "2260000000",
            "costofGoodsAndServicesSold": "563000000",
            "operatingIncome": "388000000",
            "sellingGeneralAndAdministrative": "1556000000",
            "researchAndDevelopment": "None",
            "operatingExpenses": "1697000000",
            "investmentIncomeNet": "None",
            "netInterestIncome": "-98000000",
            "interestIncome": "None",
            "interestExpense": "98000000",
            "nonInterestIncome": "15649000000",
            "otherNonOperatingIncome": "67000000",
            "depreciation": "None",
            "depreciationAndAmortization": "141000000",
            "incomeBeforeTax": "357000000",
            "incomeTaxExpense": "116000000",
            "interestAndDebtExpense": "98000000",
            "netIncomeFromContinuingOperations": "16559000000",
            "comprehensiveIncomeNetOfTax": "264000000",
            "ebit": "455000000",
            "ebitda": "596000000",
            "netIncome": "241000000"
        },
        {
            "fiscalDateEnding": "2018-09-30",
            "reportedCurrency": "USD",
            "grossProfit": "13561000000",
            "totalRevenue": "16182000000",
            "costOfRevenue": "2621000000",
            "costofGoodsAndServicesSold": "622000000",
            "operatingIncome": "41000000",
            "sellingGeneralAndAdministrative": "1934000000",
            "researchAndDevelopment": "None",
            "operatingExpenses": "1999000000",
            "investmentIncomeNet": "None",
            "netInterestIncome": "-97000000",
            "interestIncome": "None",
            "interestExpense": "97000000",
            "nonInterestIncome": "15355000000",
            "otherNonOperatingIncome": "80000000",
            "depreciation": "None",
            "depreciationAndAmortization": "139000000",
            "incomeBeforeTax": "27000000",
            "incomeTaxExpense": "8000000",
            "interestAndDebtExpense": "97000000",
            "netIncomeFromContinuingOperations": "19000000",
            "comprehensiveIncomeNetOfTax": "7000000",
            "ebit": "124000000",
            "ebitda": "263000000",
            "netIncome": "19000000"
        },
        {
            "fiscalDateEnding": "2018-06-30",
            "reportedCurrency": "USD",
            "grossProfit": "12241000000",
            "totalRevenue": "14181000000",
            "costOfRevenue": "1940000000",
            "costofGoodsAndServicesSold": "658000000",
            "operatingIncome": "489000000",
            "sellingGeneralAndAdministrative": "1237000000",
            "researchAndDevelopment": "None",
            "operatingExpenses": "1282000000",
            "investmentIncomeNet": "None",
            "netInterestIncome": "-80000000",
            "interestIncome": "None",
            "interestExpense": "80000000",
            "nonInterestIncome": "12875000000",
            "otherNonOperatingIncome": "65000000",
            "depreciation": "None",
            "depreciationAndAmortization": "111000000",
            "incomeBeforeTax": "475000000",
            "incomeTaxExpense": "175000000",
            "interestAndDebtExpense": "80000000",
            "netIncomeFromContinuingOperations": "300000000",
            "comprehensiveIncomeNetOfTax": "287000000",
            "ebit": "555000000",
            "ebitda": "666000000",
            "netIncome": "300000000"
        },
        {
            "fiscalDateEnding": "2018-03-31",
            "reportedCurrency": "USD",
            "grossProfit": "11231000000",
            "totalRevenue": "13194000000",
            "costOfRevenue": "1963000000",
            "costofGoodsAndServicesSold": "543000000",
            "operatingIncome": "540000000",
            "sellingGeneralAndAdministrative": "1316000000",
            "researchAndDevelopment": "None",
            "operatingExpenses": "1420000000",
            "investmentIncomeNet": "None",
            "netInterestIncome": "-68000000",
            "interestIncome": "None",
            "interestExpense": "68000000",
            "nonInterestIncome": "11903000000",
            "otherNonOperatingIncome": "41000000",
            "depreciation": "None",
            "depreciationAndAmortization": "104000000",
            "incomeBeforeTax": "515000000",
            "incomeTaxExpense": "175000000",
            "interestAndDebtExpense": "68000000",
            "netIncomeFromContinuingOperations": "340000000",
            "comprehensiveIncomeNetOfTax": "289000000",
            "ebit": "583000000",
            "ebitda": "687000000",
            "netIncome": "340000000"
        }
    ]
}