{
    "symbol": "COP",
    "annualReports": [
        {
            "fiscalDateEnding": "2022-12-31",
            "reportedCurrency": "USD",
            "grossProfit": "43436000000",
            "totalRevenue": "78494000000",
            "costOfRevenue": "35058000000",
            "costofGoodsAndServicesSold": "33971000000",
            "operatingIncome": "36311000000",
            "sellingGeneralAndAdministrative": "623000000",
            "researchAndDevelopment": "71000000",
            "operatingExpenses": "6552000000",
            "investmentIncomeNet": "195000000",
            "netInterestIncome": "-909000000",
            "interestIncome": "1376000000",
            "interestExpense": "909000000",
            "nonInterestIncome": "62284000000",
            "otherNonOperatingIncome": "47000000",
            "depreciation": "None",
            "depreciationAndAmortization": "189000000",
            "incomeBeforeTax": "28228000000",
            "incomeTaxExpense": "9548000000",
            "interestAndDebtExpense": "805000000",
            "netIncomeFromContinuingOperations": "18680000000",
            "comprehensiveIncomeNetOfTax": "17630000000",
            "ebit": "29137000000",
            "ebitda": "29326000000",
            "netIncome": "18680000000"
        },
        {
            "fiscalDateEnding": "2021-12-31",
            "reportedCurrency": "USD",
            "grossProfit": "28306000000",
            "totalRevenue": "45828000000",
            "costOfRevenue": "20043000000",
            "costofGoodsAndServicesSold": "18158000000",
            "operatingIncome": "23096000000",
            "sellingGeneralAndAdministrative": "719000000",
            "researchAndDevelopment": "62000000",
            "operatingExpenses": "5927000000",
            "investmentIncomeNet": "33000000",
            "netInterestIncome": "-970000000",
            "interestIncome": "1010000000",
            "interestExpense": "970000000",
            "nonInterestIncome": "46466000000",
            "otherNonOperatingIncome": "-102000000",
            "depreciation": "None",
            "depreciationAndAmortization": "148000000",
            "incomeBeforeTax": "12712000000",
            "incomeTaxExpense": "4633000000",
            "interestAndDebtExpense": "884000000",
            "netIncomeFromContinuingOperations": "8079000000",
            "comprehensiveIncomeNetOfTax": "8347000000",
            "ebit": "13682000000",
            "ebitda": "13830000000",
            "netIncome": "8079000000"
        },
        {
            "fiscalDateEnding": "2020-12-31",
            "reportedCurrency": "USD",
            "grossProfit": "9520000000",
            "totalRevenue": "18784000000",
            "costOfRevenue": "9736000000",
            "costofGoodsAndServicesSold": "8078000000",
            "operatingIncome": "4746000000",
            "sellingGeneralAndAdministrative": "430000000",
            "researchAndDevelopment": "75000000",
            "operatingExpenses": "4225000000",
            "investmentIncomeNet": "100000000",
            "netInterestIncome": "-913000000",
            "interestIncome": "302000000",
            "interestExpense": "913000000",
            "nonInterestIncome": "19651000000",
            "otherNonOperatingIncome": "-13000000",
            "depreciation": "None",
            "depreciationAndAmortization": "163000000",
            "incomeBeforeTax": "-3186000000",
            "incomeTaxExpense": "-485000000",
            "interestAndDebtExpense": "806000000",
            "netIncomeFromContinuingOperations": "-2655000000",
            "comprehensiveIncomeNetOfTax": "-2562000000",
            "ebit": "-2273000000",
            "ebitda": "-2110000000",
            "netIncome": "-2701000000"
        },
        {
            "fiscalDateEnding": "2019-12-31",
            "reportedCurrency": "USD",
            "grossProfit": "23442000000",
            "totalRevenue": "36670000000",
            "costOfRevenue": "13228000000",
            "costofGoodsAndServicesSold": "11842000000",
            "operatingIncome": "17564000000",
            "sellingGeneralAndAdministrative": "556000000",
            "researchAndDevelopment": "82000000",
            "operatingExpenses": "3912000000",
            "investmentIncomeNet": "166000000",
            "netInterestIncome": "-851000000",
            "interestIncome": "166000000",
            "interestExpense": "851000000",
            "nonInterestIncome": "35010000000",
            "otherNonOperatingIncome": "1358000000",
            "depreciation": "None",
            "depreciationAndAmortization": "99000000",
            "incomeBeforeTax": "9456000000",
            "incomeTaxExpense": "2267000000",
            "interestAndDebtExpense": "778000000",
            "netIncomeFromContinuingOperations": "7257000000",
            "comprehensiveIncomeNetOfTax": "7935000000",
            "ebit": "10307000000",
            "ebitda": "10406000000",
            "netIncome": "7189000000"
        },
        {
            "fiscalDateEnding": "2018-12-31",
            "reportedCurrency": "USD",
            "grossProfit": "23652000000",
            "totalRevenue": "38727000000",
            "costOfRevenue": "15075000000",
            "costofGoodsAndServicesSold": "14294000000",
            "operatingIncome": "18038000000",
            "sellingGeneralAndAdministrative": "401000000",
            "researchAndDevelopment": "78000000",
            "operatingExpenses": "4551000000",
            "investmentIncomeNet": "97000000",
            "netInterestIncome": "-802000000",
            "interestIncome": "97000000",
            "interestExpense": "802000000",
            "nonInterestIncome": "37573000000",
            "otherNonOperatingIncome": "173000000",
            "depreciation": "None",
            "depreciationAndAmortization": "5956000000",
            "incomeBeforeTax": "9925000000",
            "incomeTaxExpense": "3668000000",
            "interestAndDebtExpense": "735000000",
            "netIncomeFromContinuingOperations": "6305000000",
            "comprehensiveIncomeNetOfTax": "5654000000",
            "ebit": "10727000000",
            "ebitda": "16969000000",
            "netIncome": "6257000000"
        }
    ],
    "quarterlyReports": [
        {
            "fiscalDateEnding": "2022-12-31",
            "reportedCurrency": "USD",
            "grossProfit": "9355000000",
            "totalRevenue": "18558000000",
            "costOfRevenue": "9203000000",
            "costofGoodsAndServicesSold": "8735000000",
            "operatingIncome": "7374000000",
            "sellingGeneralAndAdministrative": "192000000",
            "researchAndDevelopment": "None",
            "operatingExpenses": "2039000000",
            "investmentIncomeNet": "194000000",
            "netInterestIncome": "-246000000",
            "interestIncome": "353000000",
            "interestExpense": "246000000",
            "nonInterestIncome": "13904000000",
            "otherNonOperatingIncome": "1000000",
            "depreciation": "None",
            "depreciationAndAmortization": "1999000000",
            "incomeBeforeTax": "5235000000",
            "incomeTaxExpense": "1986000000",
            "interestAndDebtExpense": "178000000",
            "netIncomeFromContinuingOperations": "-3626000000",
            "comprehensiveIncomeNetOfTax": "3114000000",
            "ebit": "7374000000",
            "ebitda": "7480000000",
            "netIncome": "3249000000"
        },
        {
            "fiscalDateEnding": "2022-09-30",
            "reportedCurrency": "USD",
            "grossProfit": "11552000000",
            "totalRevenue": "21013000000",
            "costOfRevenue": "9461000000",
            "costofGoodsAndServicesSold": "9251000000",
            "operatingIncome": "9685000000",
            "sellingGeneralAndAdministrative": "148000000",
            "researchAndDevelopment": "None",
            "operatingExpenses": "1987000000",
            "investmentIncomeNet": "0",
            "netInterestIncome": "-259000000",
            "interestIncome": "455000000",
            "interestExpense": "259000000",
            "nonInterestIncome": "16021000000",
            "otherNonOperatingIncome": "-4000000",
            "depreciation": "None",
            "depreciationAndAmortization": "1904000000",
            "incomeBeforeTax": "7440000000",
            "incomeTaxExpense": "2913000000",
            "interestAndDebtExpense": "199000000",
            "netIncomeFromContinuingOperations": "7130000000",
            "comprehensiveIncomeNetOfTax": "3975000000",
            "ebit": "9685000000",
            "ebitda": "9603000000",
            "netIncome": "4527000000"
        },
        {
            "fiscalDateEnding": "2022-06-30",
            "reportedCurrency": "USD",
            "grossProfit": "11768000000",
            "totalRevenue": "21161000000",
            "costOfRevenue": "9393000000",
            "costofGoodsAndServicesSold": "9234000000",
            "operatingIncome": "9973000000",
            "sellingGeneralAndAdministrative": "96000000",
            "researchAndDevelopment": "None",
            "operatingExpenses": "1575000000",
            "investmentIncomeNet": "None",
            "netInterestIncome": "-272000000",
            "interestIncome": "383000000",
            "interestExpense": "272000000",
            "nonInterestIncome": "17060000000",
            "otherNonOperatingIncome": "-86000000",
            "depreciation": "None",
            "depreciationAndAmortization": "1810000000",
            "incomeBeforeTax": "7655000000",
            "incomeTaxExpense": "2510000000",
            "interestAndDebtExpense": "211000000",
            "netIncomeFromContinuingOperations": "7690000000",
            "comprehensiveIncomeNetOfTax": "4640000000",
            "ebit": "9973000000",
            "ebitda": "9737000000",
            "netIncome": "5145000000"
        },
        {
            "fiscalDateEnding": "2022-03-31",
            "reportedCurrency": "USD",
            "grossProfit": "10761000000",
            "totalRevenue": "17762000000",
            "costOfRevenue": "7001000000",
            "costofGoodsAndServicesSold": "6751000000",
            "operatingIncome": "9279000000",
            "sellingGeneralAndAdministrative": "187000000",
            "researchAndDevelopment": "None",
            "operatingExpenses": "951000000",
            "investmentIncomeNet": "None",
            "netInterestIncome": "-278000000",
            "interestIncome": "185000000",
            "interestExpense": "278000000",
            "nonInterestIncome": "15299000000",
            "otherNonOperatingIncome": "136000000",
            "depreciation": "None",
            "depreciationAndAmortization": "1823000000",
            "incomeBeforeTax": "7898000000",
            "incomeTaxExpense": "2139000000",
            "interestAndDebtExpense": "217000000",
            "netIncomeFromContinuingOperations": "7485000000",
            "comprehensiveIncomeNetOfTax": "5901000000",
            "ebit": "9279000000",
            "ebitda": "9999000000",
            "netIncome": "5759000000"
        },
        {
            "fiscalDateEnding": "2021-12-31",
            "reportedCurrency": "USD",
            "grossProfit": "8232000000",
            "totalRevenue": "15120000000",
            "costOfRevenue": "7731000000",
            "costofGoodsAndServicesSold": "6498000000",
            "operatingIncome": "6845000000",
            "sellingGeneralAndAdministrative": "163000000",
            "researchAndDevelopment": "None",
            "operatingExpenses": "1514000000",
            "investmentIncomeNet": "31000000",
            "netInterestIncome": "-275000000",
            "interestIncome": "451000000",
            "interestExpense": "275000000",
            "nonInterestIncome": "15483000000",
            "otherNonOperatingIncome": "-24000000",
            "depreciation": "None",
            "depreciationAndAmortization": "1820000000",
            "incomeBeforeTax": "4336000000",
            "incomeTaxExpense": "1709000000",
            "interestAndDebtExpense": "219000000",
            "netIncomeFromContinuingOperations": "6642000000",
            "comprehensiveIncomeNetOfTax": "2800000000",
            "ebit": "6845000000",
            "ebitda": "6431000000",
            "netIncome": "2627000000"
        },
        {
            "fiscalDateEnding": "2021-09-30",
            "reportedCurrency": "USD",
            "grossProfit": "7337000000",
            "totalRevenue": "11326000000",
            "costOfRevenue": "4279000000",
            "costofGoodsAndServicesSold": "4179000000",
            "operatingIncome": "5869000000",
            "sellingGeneralAndAdministrative": "128000000",
            "researchAndDevelopment": "None",
            "operatingExpenses": "1515000000",
            "investmentIncomeNet": "1000000",
            "netInterestIncome": "-280000000",
            "interestIncome": "47000000",
            "interestExpense": "280000000",
            "nonInterestIncome": "11338000000",
            "otherNonOperatingIncome": "-17000000",
            "depreciation": "None",
            "depreciationAndAmortization": "1679000000",
            "incomeBeforeTax": "3582000000",
            "incomeTaxExpense": "1203000000",
            "interestAndDebtExpense": "219000000",
            "netIncomeFromContinuingOperations": "2379000000",
            "comprehensiveIncomeNetOfTax": "2176000000",
            "ebit": "5869000000",
            "ebitda": "5541000000",
            "netIncome": "2379000000"
        },
        {
            "fiscalDateEnding": "2021-06-30",
            "reportedCurrency": "USD",
            "grossProfit": "7031000000",
            "totalRevenue": "9556000000",
            "costOfRevenue": "3180000000",
            "costofGoodsAndServicesSold": "2998000000",
            "operatingIncome": "5992000000",
            "sellingGeneralAndAdministrative": "117000000",
            "researchAndDevelopment": "None",
            "operatingExpenses": "1437000000",
            "investmentIncomeNet": "0",
            "netInterestIncome": "-283000000",
            "interestIncome": "327000000",
            "interestExpense": "283000000",
            "nonInterestIncome": "9605000000",
            "otherNonOperatingIncome": "-37000000",
            "depreciation": "None",
            "depreciationAndAmortization": "1867000000",
            "incomeBeforeTax": "3080000000",
            "incomeTaxExpense": "989000000",
            "interestAndDebtExpense": "220000000",
            "netIncomeFromContinuingOperations": "2091000000",
            "comprehensiveIncomeNetOfTax": "2251000000",
            "ebit": "5992000000",
            "ebitda": "5230000000",
            "netIncome": "2091000000"
        },
        {
            "fiscalDateEnding": "2021-03-31",
            "reportedCurrency": "USD",
            "grossProfit": "5706000000",
            "totalRevenue": "9826000000",
            "costOfRevenue": "4853000000",
            "costofGoodsAndServicesSold": "4483000000",
            "operatingIncome": "4012000000",
            "sellingGeneralAndAdministrative": "311000000",
            "researchAndDevelopment": "None",
            "operatingExpenses": "1461000000",
            "investmentIncomeNet": "1000000",
            "netInterestIncome": "-288000000",
            "interestIncome": "123000000",
            "interestExpense": "288000000",
            "nonInterestIncome": "10040000000",
            "otherNonOperatingIncome": "-24000000",
            "depreciation": "None",
            "depreciationAndAmortization": "1886000000",
            "incomeBeforeTax": "1714000000",
            "incomeTaxExpense": "732000000",
            "interestAndDebtExpense": "226000000",
            "netIncomeFromContinuingOperations": "982000000",
            "comprehensiveIncomeNetOfTax": "1120000000",
            "ebit": "4012000000",
            "ebitda": "3888000000",
            "netIncome": "982000000"
        },
        {
            "fiscalDateEnding": "2020-12-31",
            "reportedCurrency": "USD",
            "grossProfit": "2908000000",
            "totalRevenue": "5577000000",
            "costOfRevenue": "3141000000",
            "costofGoodsAndServicesSold": "2448000000",
            "operatingIncome": "1566000000",
            "sellingGeneralAndAdministrative": "181000000",
            "researchAndDevelopment": "None",
            "operatingExpenses": "1344000000",
            "investmentIncomeNet": "95000000",
            "netInterestIncome": "-202000000",
            "interestIncome": "132000000",
            "interestExpense": "259000000",
            "nonInterestIncome": "5719000000",
            "otherNonOperatingIncome": "-6000000",
            "depreciation": "None",
            "depreciationAndAmortization": "1541000000",
            "incomeBeforeTax": "-1086000000",
            "incomeTaxExpense": "-314000000",
            "interestAndDebtExpense": "202000000",
            "netIncomeFromContinuingOperations": "6642000000",
            "comprehensiveIncomeNetOfTax": "-324000000",
            "ebit": "1566000000",
            "ebitda": "714000000",
            "netIncome": "-772000000"
        },
        {
            "fiscalDateEnding": "2020-09-30",
            "reportedCurrency": "USD",
            "grossProfit": "2381000000",
            "totalRevenue": "4380000000",
            "costOfRevenue": "1999000000",
            "costofGoodsAndServicesSold": "1839000000",
            "operatingIncome": "1322000000",
            "sellingGeneralAndAdministrative": "96000000",
            "researchAndDevelopment": "None",
            "operatingExpenses": "1062000000",
            "investmentIncomeNet": "1000000",
            "netInterestIncome": "-200000000",
            "interestIncome": "322000000",
            "interestExpense": "262000000",
            "nonInterestIncome": "4388000000",
            "otherNonOperatingIncome": "-20000000",
            "depreciation": "None",
            "depreciationAndAmortization": "1411000000",
            "incomeBeforeTax": "-512000000",
            "incomeTaxExpense": "-62000000",
            "interestAndDebtExpense": "200000000",
            "netIncomeFromContinuingOperations": "-450000000",
            "comprehensiveIncomeNetOfTax": "-291000000",
            "ebit": "1322000000",
            "ebitda": "1161000000",
            "netIncome": "-450000000"
        },
        {
            "fiscalDateEnding": "2020-06-30",
            "reportedCurrency": "USD",
            "grossProfit": "2666000000",
            "totalRevenue": "4016000000",
            "costOfRevenue": "1350000000",
            "costofGoodsAndServicesSold": "1130000000",
            "operatingIncome": "1463000000",
            "sellingGeneralAndAdministrative": "156000000",
            "researchAndDevelopment": "None",
            "operatingExpenses": "607000000",
            "investmentIncomeNet": "2000000",
            "netInterestIncome": "-268000000",
            "interestIncome": "419000000",
            "interestExpense": "268000000",
            "nonInterestIncome": "3338000000",
            "otherNonOperatingIncome": "7000000",
            "depreciation": "None",
            "depreciationAndAmortization": "1158000000",
            "incomeBeforeTax": "3000000",
            "incomeTaxExpense": "-257000000",
            "interestAndDebtExpense": "202000000",
            "netIncomeFromContinuingOperations": "278000000",
            "comprehensiveIncomeNetOfTax": "580000000",
            "ebit": "1463000000",
            "ebitda": "1429000000",
            "netIncome": "260000000"
        },
        {
            "fiscalDateEnding": "2020-03-31",
            "reportedCurrency": "USD",
            "grossProfit": "1565000000",
            "totalRevenue": "4811000000",
            "costOfRevenue": "3246000000",
            "costofGoodsAndServicesSold": "2661000000",
            "operatingIncome": "395000000",
            "sellingGeneralAndAdministrative": "-3000000",
            "researchAndDevelopment": "None",
            "operatingExpenses": "1212000000",
            "investmentIncomeNet": "2000000",
            "netInterestIncome": "-202000000",
            "interestIncome": "1547000000",
            "interestExpense": "269000000",
            "nonInterestIncome": "6206000000",
            "otherNonOperatingIncome": "-1539000000",
            "depreciation": "None",
            "depreciationAndAmortization": "1411000000",
            "incomeBeforeTax": "-1591000000",
            "incomeTaxExpense": "148000000",
            "interestAndDebtExpense": "202000000",
            "netIncomeFromContinuingOperations": "-1711000000",
            "comprehensiveIncomeNetOfTax": "-2527000000",
            "ebit": "395000000",
            "ebitda": "89000000",
            "netIncome": "-1739000000"
        },
        {
            "fiscalDateEnding": "2019-12-31",
            "reportedCurrency": "USD",
            "grossProfit": "5044000000",
            "totalRevenue": "8140000000",
            "costOfRevenue": "3096000000",
            "costofGoodsAndServicesSold": "2783000000",
            "operatingIncome": "3555000000",
            "sellingGeneralAndAdministrative": "187000000",
            "researchAndDevelopment": "None",
            "operatingExpenses": "1407000000",
            "investmentIncomeNet": "156000000",
            "netInterestIncome": "-823000000",
            "interestIncome": "247000000",
            "interestExpense": "823000000",
            "nonInterestIncome": "8286000000",
            "otherNonOperatingIncome": "222000000",
            "depreciation": "None",
            "depreciationAndAmortization": "15000000",
            "incomeBeforeTax": "1263000000",
            "incomeTaxExpense": "543000000",
            "interestAndDebtExpense": "196000000",
            "netIncomeFromContinuingOperations": "6642000000",
            "comprehensiveIncomeNetOfTax": "1017000000",
            "ebit": "2086000000",
            "ebitda": "2101000000",
            "netIncome": "720000000"
        },
        {
            "fiscalDateEnding": "2019-09-30",
            "reportedCurrency": "USD",
            "grossProfit": "7183000000",
            "totalRevenue": "10093000000",
            "costOfRevenue": "2910000000",
            "costofGoodsAndServicesSold": "2710000000",
            "operatingIncome": "5765000000",
            "sellingGeneralAndAdministrative": "87000000",
            "researchAndDevelopment": "None",
            "operatingExpenses": "-367000000",
            "investmentIncomeNet": "3000000",
            "netInterestIncome": "-9000000",
            "interestIncome": "314000000",
            "interestExpense": "9000000",
            "nonInterestIncome": "9562000000",
            "otherNonOperatingIncome": "262000000",
            "depreciation": "None",
            "depreciationAndAmortization": "27000000",
            "incomeBeforeTax": "3478000000",
            "incomeTaxExpense": "422000000",
            "interestAndDebtExpense": "184000000",
            "netIncomeFromContinuingOperations": "3071000000",
            "comprehensiveIncomeNetOfTax": "3229000000",
            "ebit": "3487000000",
            "ebitda": "3514000000",
            "netIncome": "3056000000"
        },
        {
            "fiscalDateEnding": "2019-06-30",
            "reportedCurrency": "USD",
            "grossProfit": "5489000000",
            "totalRevenue": "8380000000",
            "costOfRevenue": "2891000000",
            "costofGoodsAndServicesSold": "2674000000",
            "operatingIncome": "3942000000",
            "sellingGeneralAndAdministrative": "129000000",
            "researchAndDevelopment": "None",
            "operatingExpenses": "1465000000",
            "investmentIncomeNet": "3000000",
            "netInterestIncome": "-165000000",
            "interestIncome": "349000000",
            "interestExpense": "252000000",
            "nonInterestIncome": "8007000000",
            "otherNonOperatingIncome": "172000000",
            "depreciation": "None",
            "depreciationAndAmortization": "1490000000",
            "incomeBeforeTax": "2041000000",
            "incomeTaxExpense": "461000000",
            "interestAndDebtExpense": "165000000",
            "netIncomeFromContinuingOperations": "1597000000",
            "comprehensiveIncomeNetOfTax": "1667000000",
            "ebit": "3942000000",
            "ebitda": "3783000000",
            "netIncome": "1580000000"
        },
        {
            "fiscalDateEnding": "2019-03-31",
            "reportedCurrency": "USD",
            "grossProfit": "6142000000",
            "totalRevenue": "10057000000",
            "costOfRevenue": "3915000000",
            "costofGoodsAndServicesSold": "3675000000",
            "operatingIncome": "4718000000",
            "sellingGeneralAndAdministrative": "153000000",
            "researchAndDevelopment": "None",
            "operatingExpenses": "1407000000",
            "investmentIncomeNet": "4000000",
            "netInterestIncome": "-233000000",
            "interestIncome": "284000000",
            "interestExpense": "319000000",
            "nonInterestIncome": "9155000000",
            "otherNonOperatingIncome": "702000000",
            "depreciation": "None",
            "depreciationAndAmortization": "1546000000",
            "incomeBeforeTax": "2674000000",
            "incomeTaxExpense": "841000000",
            "interestAndDebtExpense": "233000000",
            "netIncomeFromContinuingOperations": "1846000000",
            "comprehensiveIncomeNetOfTax": "2022000000",
            "ebit": "4718000000",
            "ebitda": "4539000000",
            "netIncome": "1833000000"
        },
        {
            "fiscalDateEnding": "2018-12-31",
            "reportedCurrency": "USD",
            "grossProfit": "6217000000",
            "totalRevenue": "10361000000",
            "costOfRevenue": "4144000000",
            "costofGoodsAndServicesSold": "3986000000",
            "operatingIncome": "4790000000",
            "sellingGeneralAndAdministrative": "65000000",
            "researchAndDevelopment": "None",
            "operatingExpenses": "539000000",
            "investmentIncomeNet": "86000000",
            "netInterestIncome": "None",
            "interestIncome": "None",
            "interestExpense": "275000000",
            "nonInterestIncome": "10654000000",
            "otherNonOperatingIncome": "-500000000",
            "depreciation": "None",
            "depreciationAndAmortization": "1612000000",
            "incomeBeforeTax": "2662000000",
            "incomeTaxExpense": "794000000",
            "interestAndDebtExpense": "188000000",
            "netIncomeFromContinuingOperations": "1878000000",
            "comprehensiveIncomeNetOfTax": "1247000000",
            "ebit": "4790000000",
            "ebitda": "4549000000",
            "netIncome": "1868000000"
        },
        {
            "fiscalDateEnding": "2018-09-30",
            "reportedCurrency": "USD",
            "grossProfit": "6383000000",
            "totalRevenue": "10165000000",
            "costOfRevenue": "3782000000",
            "costofGoodsAndServicesSold": "3530000000",
            "operatingIncome": "4897000000",
            "sellingGeneralAndAdministrative": "119000000",
            "researchAndDevelopment": "None",
            "operatingExpenses": "1373000000",
            "investmentIncomeNet": "4000000",
            "netInterestIncome": "None",
            "interestIncome": "None",
            "interestExpense": "275000000",
            "nonInterestIncome": "9557000000",
            "otherNonOperatingIncome": "309000000",
            "depreciation": "None",
            "depreciationAndAmortization": "1494000000",
            "incomeBeforeTax": "2894000000",
            "incomeTaxExpense": "1033000000",
            "interestAndDebtExpense": "186000000",
            "netIncomeFromContinuingOperations": "1873000000",
            "comprehensiveIncomeNetOfTax": "2056000000",
            "ebit": "4897000000",
            "ebitda": "4663000000",
            "netIncome": "1861000000"
        },
        {
            "fiscalDateEnding": "2018-06-30",
            "reportedCurrency": "USD",
            "grossProfit": "-83000000",
            "totalRevenue": "9240000000",
            "costOfRevenue": "83000000",
            "costofGoodsAndServicesSold": "3064000000",
            "operatingIncome": "-166000000",
            "sellingGeneralAndAdministrative": "118000000",
            "researchAndDevelopment": "None",
            "operatingExpenses": "83000000",
            "investmentIncomeNet": "4000000",
            "netInterestIncome": "None",
            "interestIncome": "None",
            "interestExpense": "266000000",
            "nonInterestIncome": "8587000000",
            "otherNonOperatingIncome": "416000000",
            "depreciation": "None",
            "depreciationAndAmortization": "1438000000",
            "incomeBeforeTax": "2605000000",
            "incomeTaxExpense": "965000000",
            "interestAndDebtExpense": "177000000",
            "netIncomeFromContinuingOperations": "-162000000",
            "comprehensiveIncomeNetOfTax": "1374000000",
            "ebit": "-166000000",
            "ebitda": "4309000000",
            "netIncome": "1640000000"
        },
        {
            "fiscalDateEnding": "2018-03-31",
            "reportedCurrency": "USD",
            "grossProfit": "5048000000",
            "totalRevenue": "8961000000",
            "costOfRevenue": "3913000000",
            "costofGoodsAndServicesSold": "3714000000",
            "operatingIncome": "3778000000",
            "sellingGeneralAndAdministrative": "99000000",
            "researchAndDevelopment": "None",
            "operatingExpenses": "1263000000",
            "investmentIncomeNet": "3000000",
            "netInterestIncome": "None",
            "interestIncome": "None",
            "interestExpense": "272000000",
            "nonInterestIncome": "8775000000",
            "otherNonOperatingIncome": "-52000000",
            "depreciation": "None",
            "depreciationAndAmortization": "1412000000",
            "incomeBeforeTax": "1764000000",
            "incomeTaxExpense": "876000000",
            "interestAndDebtExpense": "184000000",
            "netIncomeFromContinuingOperations": "900000000",
            "comprehensiveIncomeNetOfTax": "977000000",
            "ebit": "3778000000",
            "ebitda": "3448000000",
            "netIncome": "888000000"
        }
    ]
}