{
    "symbol": "CPB",
    "annualReports": [
        {
            "fiscalDateEnding": "2022-07-31",
            "reportedCurrency": "USD",
            "grossProfit": "1236000000",
            "totalRevenue": "8562000000",
            "costOfRevenue": "7326000000",
            "costofGoodsAndServicesSold": "5935000000",
            "operatingIncome": "1163000000",
            "sellingGeneralAndAdministrative": "1351000000",
            "researchAndDevelopment": "87000000",
            "operatingExpenses": "1501000000",
            "investmentIncomeNet": "1000000",
            "netInterestIncome": "-189000000",
            "interestIncome": "188000000",
            "interestExpense": "189000000",
            "nonInterestIncome": "-15000000",
            "otherNonOperatingIncome": "-21000000",
            "depreciation": "296000000",
            "depreciationAndAmortization": "58000000",
            "incomeBeforeTax": "975000000",
            "incomeTaxExpense": "218000000",
            "interestAndDebtExpense": "193000000",
            "netIncomeFromContinuingOperations": "757000000",
            "comprehensiveIncomeNetOfTax": "754000000",
            "ebit": "1164000000",
            "ebitda": "1222000000",
            "netIncome": "757000000"
        },
        {
            "fiscalDateEnding": "2021-08-01",
            "reportedCurrency": "USD",
            "grossProfit": "1612000000",
            "totalRevenue": "8476000000",
            "costOfRevenue": "6864000000",
            "costofGoodsAndServicesSold": "5665000000",
            "operatingIncome": "1545000000",
            "sellingGeneralAndAdministrative": "1415000000",
            "researchAndDevelopment": "84000000",
            "operatingExpenses": "1579000000",
            "investmentIncomeNet": "1000000",
            "netInterestIncome": "-210000000",
            "interestIncome": "209000000",
            "interestExpense": "210000000",
            "nonInterestIncome": "50000000",
            "otherNonOperatingIncome": "254000000",
            "depreciation": "275000000",
            "depreciationAndAmortization": "48000000",
            "incomeBeforeTax": "1330000000",
            "incomeTaxExpense": "328000000",
            "interestAndDebtExpense": "210000000",
            "netIncomeFromContinuingOperations": "1008000000",
            "comprehensiveIncomeNetOfTax": "1017000000",
            "ebit": "1540000000",
            "ebitda": "1588000000",
            "netIncome": "1002000000"
        },
        {
            "fiscalDateEnding": "2020-08-02",
            "reportedCurrency": "USD",
            "grossProfit": "2999000000",
            "totalRevenue": "8691000000",
            "costOfRevenue": "5692000000",
            "costofGoodsAndServicesSold": "5692000000",
            "operatingIncome": "1107000000",
            "sellingGeneralAndAdministrative": "1569000000",
            "researchAndDevelopment": "93000000",
            "operatingExpenses": "741000000",
            "investmentIncomeNet": "4000000",
            "netInterestIncome": "-345000000",
            "interestIncome": "390000000",
            "interestExpense": "345000000",
            "nonInterestIncome": "892000000",
            "otherNonOperatingIncome": "-221000000",
            "depreciation": "285000000",
            "depreciationAndAmortization": "45000000",
            "incomeBeforeTax": "1802000000",
            "incomeTaxExpense": "174000000",
            "interestAndDebtExpense": "420000000",
            "netIncomeFromContinuingOperations": "592000000",
            "comprehensiveIncomeNetOfTax": "1816000000",
            "ebit": "2147000000",
            "ebitda": "2192000000",
            "netIncome": "1628000000"
        },
        {
            "fiscalDateEnding": "2019-07-28",
            "reportedCurrency": "USD",
            "grossProfit": "2693000000",
            "totalRevenue": "8107000000",
            "costOfRevenue": "5414000000",
            "costofGoodsAndServicesSold": "5414000000",
            "operatingIncome": "979000000",
            "sellingGeneralAndAdministrative": "1452000000",
            "researchAndDevelopment": "91000000",
            "operatingExpenses": "2037000000",
            "investmentIncomeNet": "2000000",
            "netInterestIncome": "-356000000",
            "interestIncome": "2000000",
            "interestExpense": "356000000",
            "nonInterestIncome": "-3000000",
            "otherNonOperatingIncome": "-140000000",
            "depreciation": "389000000",
            "depreciationAndAmortization": "48000000",
            "incomeBeforeTax": "362000000",
            "incomeTaxExpense": "151000000",
            "interestAndDebtExpense": "356000000",
            "netIncomeFromContinuingOperations": "474000000",
            "comprehensiveIncomeNetOfTax": "122000000",
            "ebit": "718000000",
            "ebitda": "766000000",
            "netIncome": "211000000"
        },
        {
            "fiscalDateEnding": "2018-07-29",
            "reportedCurrency": "USD",
            "grossProfit": "2374000000",
            "totalRevenue": "6615000000",
            "costOfRevenue": "4241000000",
            "costofGoodsAndServicesSold": "4241000000",
            "operatingIncome": "1010000000",
            "sellingGeneralAndAdministrative": "1556000000",
            "researchAndDevelopment": "110000000",
            "operatingExpenses": "2585000000",
            "investmentIncomeNet": "4000000",
            "netInterestIncome": "-201000000",
            "interestIncome": "-18000000",
            "interestExpense": "183000000",
            "nonInterestIncome": "24000000",
            "otherNonOperatingIncome": "73000000",
            "depreciation": "360000000",
            "depreciationAndAmortization": "34000000",
            "incomeBeforeTax": "367000000",
            "incomeTaxExpense": "106000000",
            "interestAndDebtExpense": "201000000",
            "netIncomeFromContinuingOperations": "724000000",
            "comprehensiveIncomeNetOfTax": "196000000",
            "ebit": "550000000",
            "ebitda": "584000000",
            "netIncome": "261000000"
        }
    ],
    "quarterlyReports": [
        {
            "fiscalDateEnding": "2022-10-30",
            "reportedCurrency": "USD",
            "grossProfit": "453000000",
            "totalRevenue": "2575000000",
            "costOfRevenue": "2122000000",
            "costofGoodsAndServicesSold": "1741000000",
            "operatingIncome": "436000000",
            "sellingGeneralAndAdministrative": "359000000",
            "researchAndDevelopment": "21000000",
            "operatingExpenses": "395000000",
            "investmentIncomeNet": "1000000",
            "netInterestIncome": "-47000000",
            "interestIncome": "1000000",
            "interestExpense": "47000000",
            "nonInterestIncome": "11000000",
            "otherNonOperatingIncome": "-18000000",
            "depreciation": "None",
            "depreciationAndAmortization": "15000000",
            "incomeBeforeTax": "390000000",
            "incomeTaxExpense": "93000000",
            "interestAndDebtExpense": "47000000",
            "netIncomeFromContinuingOperations": "297000000",
            "comprehensiveIncomeNetOfTax": "291000000",
            "ebit": "437000000",
            "ebitda": "452000000",
            "netIncome": "297000000"
        },
        {
            "fiscalDateEnding": "2022-07-31",
            "reportedCurrency": "USD",
            "grossProfit": "571000000",
            "totalRevenue": "1987000000",
            "costOfRevenue": "1416000000",
            "costofGoodsAndServicesSold": "1416000000",
            "operatingIncome": "170000000",
            "sellingGeneralAndAdministrative": "163000000",
            "researchAndDevelopment": "23000000",
            "operatingExpenses": "375000000",
            "investmentIncomeNet": "None",
            "netInterestIncome": "-45000000",
            "interestIncome": "45000000",
            "interestExpense": "45000000",
            "nonInterestIncome": "None",
            "otherNonOperatingIncome": "-31000000",
            "depreciation": "None",
            "depreciationAndAmortization": "86000000",
            "incomeBeforeTax": "125000000",
            "incomeTaxExpense": "29000000",
            "interestAndDebtExpense": "None",
            "netIncomeFromContinuingOperations": "96000000",
            "comprehensiveIncomeNetOfTax": "90000000",
            "ebit": "170000000",
            "ebitda": "256000000",
            "netIncome": "96000000"
        },
        {
            "fiscalDateEnding": "2022-05-01",
            "reportedCurrency": "USD",
            "grossProfit": "665000000",
            "totalRevenue": "2130000000",
            "costOfRevenue": "1465000000",
            "costofGoodsAndServicesSold": "1465000000",
            "operatingIncome": "294000000",
            "sellingGeneralAndAdministrative": "151000000",
            "researchAndDevelopment": "22000000",
            "operatingExpenses": "371000000",
            "investmentIncomeNet": "None",
            "netInterestIncome": "-50000000",
            "interestIncome": "1000000",
            "interestExpense": "51000000",
            "nonInterestIncome": "None",
            "otherNonOperatingIncome": "-10000000",
            "depreciation": "None",
            "depreciationAndAmortization": "85000000",
            "incomeBeforeTax": "244000000",
            "incomeTaxExpense": "56000000",
            "interestAndDebtExpense": "None",
            "netIncomeFromContinuingOperations": "188000000",
            "comprehensiveIncomeNetOfTax": "190000000",
            "ebit": "295000000",
            "ebitda": "380000000",
            "netIncome": "188000000"
        },
        {
            "fiscalDateEnding": "2022-01-30",
            "reportedCurrency": "USD",
            "grossProfit": "342000000",
            "totalRevenue": "2209000000",
            "costOfRevenue": "1867000000",
            "costofGoodsAndServicesSold": "1540000000",
            "operatingIncome": "323000000",
            "sellingGeneralAndAdministrative": "344000000",
            "researchAndDevelopment": "21000000",
            "operatingExpenses": "379000000",
            "investmentIncomeNet": "None",
            "netInterestIncome": "-46000000",
            "interestIncome": "46000000",
            "interestExpense": "46000000",
            "nonInterestIncome": "9000000",
            "otherNonOperatingIncome": "19000000",
            "depreciation": "None",
            "depreciationAndAmortization": "14000000",
            "incomeBeforeTax": "277000000",
            "incomeTaxExpense": "65000000",
            "interestAndDebtExpense": "46000000",
            "netIncomeFromContinuingOperations": "212000000",
            "comprehensiveIncomeNetOfTax": "211000000",
            "ebit": "323000000",
            "ebitda": "337000000",
            "netIncome": "212000000"
        },
        {
            "fiscalDateEnding": "2021-10-31",
            "reportedCurrency": "USD",
            "grossProfit": "400000000",
            "totalRevenue": "2236000000",
            "costOfRevenue": "1836000000",
            "costofGoodsAndServicesSold": "1514000000",
            "operatingIncome": "376000000",
            "sellingGeneralAndAdministrative": "326000000",
            "researchAndDevelopment": "21000000",
            "operatingExpenses": "362000000",
            "investmentIncomeNet": "None",
            "netInterestIncome": "-47000000",
            "interestIncome": "47000000",
            "interestExpense": "47000000",
            "nonInterestIncome": "10000000",
            "otherNonOperatingIncome": "1000000",
            "depreciation": "None",
            "depreciationAndAmortization": "15000000",
            "incomeBeforeTax": "329000000",
            "incomeTaxExpense": "68000000",
            "interestAndDebtExpense": "47000000",
            "netIncomeFromContinuingOperations": "261000000",
            "comprehensiveIncomeNetOfTax": "263000000",
            "ebit": "376000000",
            "ebitda": "391000000",
            "netIncome": "261000000"
        },
        {
            "fiscalDateEnding": "2021-08-01",
            "reportedCurrency": "USD",
            "grossProfit": "436000000",
            "totalRevenue": "1873000000",
            "costOfRevenue": "1437000000",
            "costofGoodsAndServicesSold": "1286000000",
            "operatingIncome": "411000000",
            "sellingGeneralAndAdministrative": "321000000",
            "researchAndDevelopment": "23000000",
            "operatingExpenses": "369000000",
            "investmentIncomeNet": "0",
            "netInterestIncome": "-47000000",
            "interestIncome": "47000000",
            "interestExpense": "47000000",
            "nonInterestIncome": "7000000",
            "otherNonOperatingIncome": "168000000",
            "depreciation": "None",
            "depreciationAndAmortization": "14000000",
            "incomeBeforeTax": "364000000",
            "incomeTaxExpense": "76000000",
            "interestAndDebtExpense": "47000000",
            "netIncomeFromContinuingOperations": "288000000",
            "comprehensiveIncomeNetOfTax": "291000000",
            "ebit": "411000000",
            "ebitda": "425000000",
            "netIncome": "288000000"
        },
        {
            "fiscalDateEnding": "2021-05-02",
            "reportedCurrency": "USD",
            "grossProfit": "286000000",
            "totalRevenue": "1984000000",
            "costOfRevenue": "1698000000",
            "costofGoodsAndServicesSold": "1356000000",
            "operatingIncome": "272000000",
            "sellingGeneralAndAdministrative": "355000000",
            "researchAndDevelopment": "22000000",
            "operatingExpenses": "390000000",
            "investmentIncomeNet": "0",
            "netInterestIncome": "-53000000",
            "interestIncome": "53000000",
            "interestExpense": "53000000",
            "nonInterestIncome": "26000000",
            "otherNonOperatingIncome": "23000000",
            "depreciation": "None",
            "depreciationAndAmortization": "11000000",
            "incomeBeforeTax": "213000000",
            "incomeTaxExpense": "53000000",
            "interestAndDebtExpense": "53000000",
            "netIncomeFromContinuingOperations": "166000000",
            "comprehensiveIncomeNetOfTax": "167000000",
            "ebit": "266000000",
            "ebitda": "277000000",
            "netIncome": "160000000"
        },
        {
            "fiscalDateEnding": "2021-01-31",
            "reportedCurrency": "USD",
            "grossProfit": "413000000",
            "totalRevenue": "2279000000",
            "costOfRevenue": "1866000000",
            "costofGoodsAndServicesSold": "1496000000",
            "operatingIncome": "401000000",
            "sellingGeneralAndAdministrative": "390000000",
            "researchAndDevelopment": "19000000",
            "operatingExpenses": "409000000",
            "investmentIncomeNet": "1000000",
            "netInterestIncome": "-55000000",
            "interestIncome": "1000000",
            "interestExpense": "55000000",
            "nonInterestIncome": "16000000",
            "otherNonOperatingIncome": "45000000",
            "depreciation": "None",
            "depreciationAndAmortization": "12000000",
            "incomeBeforeTax": "347000000",
            "incomeTaxExpense": "102000000",
            "interestAndDebtExpense": "55000000",
            "netIncomeFromContinuingOperations": "245000000",
            "comprehensiveIncomeNetOfTax": "249000000",
            "ebit": "402000000",
            "ebitda": "414000000",
            "netIncome": "245000000"
        },
        {
            "fiscalDateEnding": "2020-11-01",
            "reportedCurrency": "USD",
            "grossProfit": "473000000",
            "totalRevenue": "2340000000",
            "costOfRevenue": "1867000000",
            "costofGoodsAndServicesSold": "1527000000",
            "operatingIncome": "461000000",
            "sellingGeneralAndAdministrative": "349000000",
            "researchAndDevelopment": "20000000",
            "operatingExpenses": "381000000",
            "investmentIncomeNet": "None",
            "netInterestIncome": "-55000000",
            "interestIncome": "55000000",
            "interestExpense": "55000000",
            "nonInterestIncome": "1000000",
            "otherNonOperatingIncome": "18000000",
            "depreciation": "None",
            "depreciationAndAmortization": "11000000",
            "incomeBeforeTax": "406000000",
            "incomeTaxExpense": "97000000",
            "interestAndDebtExpense": "55000000",
            "netIncomeFromContinuingOperations": "309000000",
            "comprehensiveIncomeNetOfTax": "310000000",
            "ebit": "461000000",
            "ebitda": "472000000",
            "netIncome": "309000000"
        },
        {
            "fiscalDateEnding": "2020-08-02",
            "reportedCurrency": "USD",
            "grossProfit": "747000000",
            "totalRevenue": "2108000000",
            "costOfRevenue": "1361000000",
            "costofGoodsAndServicesSold": "1361000000",
            "operatingIncome": "167000000",
            "sellingGeneralAndAdministrative": "451000000",
            "researchAndDevelopment": "24000000",
            "operatingExpenses": "441000000",
            "investmentIncomeNet": "1000000",
            "netInterestIncome": "-61000000",
            "interestIncome": "60000000",
            "interestExpense": "61000000",
            "nonInterestIncome": "18000000",
            "otherNonOperatingIncome": "-106000000",
            "depreciation": "None",
            "depreciationAndAmortization": "10000000",
            "incomeBeforeTax": "107000000",
            "incomeTaxExpense": "21000000",
            "interestAndDebtExpense": "61000000",
            "netIncomeFromContinuingOperations": "86000000",
            "comprehensiveIncomeNetOfTax": "83000000",
            "ebit": "168000000",
            "ebitda": "178000000",
            "netIncome": "86000000"
        },
        {
            "fiscalDateEnding": "2020-04-26",
            "reportedCurrency": "USD",
            "grossProfit": "772000000",
            "totalRevenue": "2238000000",
            "costOfRevenue": "1466000000",
            "costofGoodsAndServicesSold": "1466000000",
            "operatingIncome": "273000000",
            "sellingGeneralAndAdministrative": "393000000",
            "researchAndDevelopment": "25000000",
            "operatingExpenses": "484000000",
            "investmentIncomeNet": "0",
            "netInterestIncome": "-55000000",
            "interestIncome": "135000000",
            "interestExpense": "55000000",
            "nonInterestIncome": "-35000000",
            "otherNonOperatingIncome": "-81000000",
            "depreciation": "None",
            "depreciationAndAmortization": "12000000",
            "incomeBeforeTax": "220000000",
            "incomeTaxExpense": "52000000",
            "interestAndDebtExpense": "55000000",
            "netIncomeFromContinuingOperations": "166000000",
            "comprehensiveIncomeNetOfTax": "156000000",
            "ebit": "275000000",
            "ebitda": "287000000",
            "netIncome": "168000000"
        },
        {
            "fiscalDateEnding": "2020-01-26",
            "reportedCurrency": "USD",
            "grossProfit": "742000000",
            "totalRevenue": "2162000000",
            "costOfRevenue": "1420000000",
            "costofGoodsAndServicesSold": "1420000000",
            "operatingIncome": "350000000",
            "sellingGeneralAndAdministrative": "385000000",
            "researchAndDevelopment": "22000000",
            "operatingExpenses": "426000000",
            "investmentIncomeNet": "3000000",
            "netInterestIncome": "-149000000",
            "interestIncome": "3000000",
            "interestExpense": "149000000",
            "nonInterestIncome": "6000000",
            "otherNonOperatingIncome": "22000000",
            "depreciation": "None",
            "depreciationAndAmortization": "12000000",
            "incomeBeforeTax": "1241000000",
            "incomeTaxExpense": "33000000",
            "interestAndDebtExpense": "149000000",
            "netIncomeFromContinuingOperations": "171000000",
            "comprehensiveIncomeNetOfTax": "1339000000",
            "ebit": "1390000000",
            "ebitda": "1402000000",
            "netIncome": "1208000000"
        },
        {
            "fiscalDateEnding": "2019-10-27",
            "reportedCurrency": "USD",
            "grossProfit": "738000000",
            "totalRevenue": "2183000000",
            "costOfRevenue": "1445000000",
            "costofGoodsAndServicesSold": "1445000000",
            "operatingIncome": "317000000",
            "sellingGeneralAndAdministrative": "340000000",
            "researchAndDevelopment": "22000000",
            "operatingExpenses": "440000000",
            "investmentIncomeNet": "None",
            "netInterestIncome": "-80000000",
            "interestIncome": "81000000",
            "interestExpense": "80000000",
            "nonInterestIncome": "-61000000",
            "otherNonOperatingIncome": "-56000000",
            "depreciation": "None",
            "depreciationAndAmortization": "11000000",
            "incomeBeforeTax": "234000000",
            "incomeTaxExpense": "68000000",
            "interestAndDebtExpense": "80000000",
            "netIncomeFromContinuingOperations": "169000000",
            "comprehensiveIncomeNetOfTax": "238000000",
            "ebit": "314000000",
            "ebitda": "325000000",
            "netIncome": "166000000"
        },
        {
            "fiscalDateEnding": "2019-07-28",
            "reportedCurrency": "USD",
            "grossProfit": "606000000",
            "totalRevenue": "1780000000",
            "costOfRevenue": "1174000000",
            "costofGoodsAndServicesSold": "1174000000",
            "operatingIncome": "83000000",
            "sellingGeneralAndAdministrative": "222000000",
            "researchAndDevelopment": "17000000",
            "operatingExpenses": "269000000",
            "investmentIncomeNet": "None",
            "netInterestIncome": "-77000000",
            "interestIncome": "8000000",
            "interestExpense": "85000000",
            "nonInterestIncome": "21000000",
            "otherNonOperatingIncome": "-128000000",
            "depreciation": "None",
            "depreciationAndAmortization": "11000000",
            "incomeBeforeTax": "-4000000",
            "incomeTaxExpense": "4000000",
            "interestAndDebtExpense": "77000000",
            "netIncomeFromContinuingOperations": "-5000000",
            "comprehensiveIncomeNetOfTax": "-32000000",
            "ebit": "81000000",
            "ebitda": "92000000",
            "netIncome": "-8000000"
        },
        {
            "fiscalDateEnding": "2019-04-28",
            "reportedCurrency": "USD",
            "grossProfit": "655000000",
            "totalRevenue": "1953000000",
            "costOfRevenue": "1298000000",
            "costofGoodsAndServicesSold": "1298000000",
            "operatingIncome": "245000000",
            "sellingGeneralAndAdministrative": "410000000",
            "researchAndDevelopment": "26000000",
            "operatingExpenses": "478000000",
            "investmentIncomeNet": "None",
            "netInterestIncome": "-92000000",
            "interestIncome": "-3000000",
            "interestExpense": "89000000",
            "nonInterestIncome": "-2000000",
            "otherNonOperatingIncome": "-20000000",
            "depreciation": "None",
            "depreciationAndAmortization": "13000000",
            "incomeBeforeTax": "117000000",
            "incomeTaxExpense": "33000000",
            "interestAndDebtExpense": "92000000",
            "netIncomeFromContinuingOperations": "123000000",
            "comprehensiveIncomeNetOfTax": "53000000",
            "ebit": "206000000",
            "ebitda": "219000000",
            "netIncome": "84000000"
        },
        {
            "fiscalDateEnding": "2019-01-27",
            "reportedCurrency": "USD",
            "grossProfit": "706000000",
            "totalRevenue": "2172000000",
            "costOfRevenue": "1466000000",
            "costofGoodsAndServicesSold": "1466000000",
            "operatingIncome": "325000000",
            "sellingGeneralAndAdministrative": "444000000",
            "researchAndDevelopment": "23000000",
            "operatingExpenses": "715000000",
            "investmentIncomeNet": "None",
            "netInterestIncome": "-93000000",
            "interestIncome": "-2000000",
            "interestExpense": "91000000",
            "nonInterestIncome": "0",
            "otherNonOperatingIncome": "8000000",
            "depreciation": "None",
            "depreciationAndAmortization": "15000000",
            "incomeBeforeTax": "-1000000",
            "incomeTaxExpense": "58000000",
            "interestAndDebtExpense": "93000000",
            "netIncomeFromContinuingOperations": "176000000",
            "comprehensiveIncomeNetOfTax": "-46000000",
            "ebit": "90000000",
            "ebitda": "105000000",
            "netIncome": "-59000000"
        },
        {
            "fiscalDateEnding": "2018-10-28",
            "reportedCurrency": "USD",
            "grossProfit": "726000000",
            "totalRevenue": "2202000000",
            "costOfRevenue": "1476000000",
            "costofGoodsAndServicesSold": "1476000000",
            "operatingIncome": "326000000",
            "sellingGeneralAndAdministrative": "424000000",
            "researchAndDevelopment": "27000000",
            "operatingExpenses": "499000000",
            "investmentIncomeNet": "None",
            "netInterestIncome": "-94000000",
            "interestIncome": "-3000000",
            "interestExpense": "91000000",
            "nonInterestIncome": "-4000000",
            "otherNonOperatingIncome": "0",
            "depreciation": "None",
            "depreciationAndAmortization": "15000000",
            "incomeBeforeTax": "250000000",
            "incomeTaxExpense": "56000000",
            "interestAndDebtExpense": "94000000",
            "netIncomeFromContinuingOperations": "180000000",
            "comprehensiveIncomeNetOfTax": "147000000",
            "ebit": "341000000",
            "ebitda": "356000000",
            "netIncome": "194000000"
        },
        {
            "fiscalDateEnding": "2018-07-29",
            "reportedCurrency": "USD",
            "grossProfit": "548000000",
            "totalRevenue": "1745000000",
            "costOfRevenue": "1197000000",
            "costofGoodsAndServicesSold": "617000000",
            "operatingIncome": "110000000",
            "sellingGeneralAndAdministrative": "400000000",
            "researchAndDevelopment": "26000000",
            "operatingExpenses": "8000000",
            "investmentIncomeNet": "None",
            "netInterestIncome": "-94000000",
            "interestIncome": "-18000000",
            "interestExpense": "76000000",
            "nonInterestIncome": "1000000",
            "otherNonOperatingIncome": "66000000",
            "depreciation": "None",
            "depreciationAndAmortization": "16000000",
            "incomeBeforeTax": "94000000",
            "incomeTaxExpense": "0",
            "interestAndDebtExpense": "94000000",
            "netIncomeFromContinuingOperations": "126000000",
            "comprehensiveIncomeNetOfTax": "52000000",
            "ebit": "170000000",
            "ebitda": "186000000",
            "netIncome": "94000000"
        },
        {
            "fiscalDateEnding": "2018-04-29",
            "reportedCurrency": "USD",
            "grossProfit": "533000000",
            "totalRevenue": "1618000000",
            "costOfRevenue": "1085000000",
            "costofGoodsAndServicesSold": "1263000000",
            "operatingIncome": "158000000",
            "sellingGeneralAndAdministrative": "395000000",
            "researchAndDevelopment": "27000000",
            "operatingExpenses": "1115000000",
            "investmentIncomeNet": "None",
            "netInterestIncome": "-44000000",
            "interestIncome": "None",
            "interestExpense": "44000000",
            "nonInterestIncome": "16000000",
            "otherNonOperatingIncome": "-35000000",
            "depreciation": "None",
            "depreciationAndAmortization": "10000000",
            "incomeBeforeTax": "-350000000",
            "incomeTaxExpense": "43000000",
            "interestAndDebtExpense": "44000000",
            "netIncomeFromContinuingOperations": "57000000",
            "comprehensiveIncomeNetOfTax": "-448000000",
            "ebit": "-306000000",
            "ebitda": "-296000000",
            "netIncome": "-393000000"
        },
        {
            "fiscalDateEnding": "2018-01-28",
            "reportedCurrency": "USD",
            "grossProfit": "637000000",
            "totalRevenue": "1614000000",
            "costOfRevenue": "977000000",
            "costofGoodsAndServicesSold": "1414000000",
            "operatingIncome": "243000000",
            "sellingGeneralAndAdministrative": "393000000",
            "researchAndDevelopment": "27000000",
            "operatingExpenses": "556000000",
            "investmentIncomeNet": "None",
            "netInterestIncome": "-32000000",
            "interestIncome": "None",
            "interestExpense": "32000000",
            "nonInterestIncome": "-7000000",
            "otherNonOperatingIncome": "-70000000",
            "depreciation": "None",
            "depreciationAndAmortization": "4000000",
            "incomeBeforeTax": "211000000",
            "incomeTaxExpense": "-74000000",
            "interestAndDebtExpense": "32000000",
            "netIncomeFromContinuingOperations": "314000000",
            "comprehensiveIncomeNetOfTax": "349000000",
            "ebit": "243000000",
            "ebitda": "247000000",
            "netIncome": "285000000"
        }
    ]
}