{
    "symbol": "DUK",
    "annualReports": [
        {
            "fiscalDateEnding": "2022-12-31",
            "reportedCurrency": "USD",
            "grossProfit": "18558000000",
            "totalRevenue": "26329000000",
            "costOfRevenue": "7771000000",
            "costofGoodsAndServicesSold": "5086000000",
            "operatingIncome": "6012000000",
            "sellingGeneralAndAdministrative": "1566000000",
            "researchAndDevelopment": "None",
            "operatingExpenses": "2823000000",
            "investmentIncomeNet": "None",
            "netInterestIncome": "-2439000000",
            "interestIncome": "2326000000",
            "interestExpense": "2439000000",
            "nonInterestIncome": "28675000000",
            "otherNonOperatingIncome": "392000000",
            "depreciation": "None",
            "depreciationAndAmortization": "151000000",
            "incomeBeforeTax": "2850000000",
            "incomeTaxExpense": "300000000",
            "interestAndDebtExpense": "2439000000",
            "netIncomeFromContinuingOperations": "3659000000",
            "comprehensiveIncomeNetOfTax": "2713000000",
            "ebit": "5289000000",
            "ebitda": "5440000000",
            "netIncome": "2550000000"
        },
        {
            "fiscalDateEnding": "2021-12-31",
            "reportedCurrency": "USD",
            "grossProfit": "15227000000",
            "totalRevenue": "22817000000",
            "costOfRevenue": "7590000000",
            "costofGoodsAndServicesSold": "4990000000",
            "operatingIncome": "5500000000",
            "sellingGeneralAndAdministrative": "1477000000",
            "researchAndDevelopment": "None",
            "operatingExpenses": "2641000000",
            "investmentIncomeNet": "None",
            "netInterestIncome": "-2280000000",
            "interestIncome": "-73000000",
            "interestExpense": "2207000000",
            "nonInterestIncome": "24703000000",
            "otherNonOperatingIncome": "636000000",
            "depreciation": "None",
            "depreciationAndAmortization": "219000000",
            "incomeBeforeTax": "4100000000",
            "incomeTaxExpense": "268000000",
            "interestAndDebtExpense": "2280000000",
            "netIncomeFromContinuingOperations": "3602000000",
            "comprehensiveIncomeNetOfTax": "3842000000",
            "ebit": "6380000000",
            "ebitda": "6599000000",
            "netIncome": "3908000000"
        },
        {
            "fiscalDateEnding": "2020-12-31",
            "reportedCurrency": "USD",
            "grossProfit": "7883000000",
            "totalRevenue": "21706000000",
            "costOfRevenue": "13823000000",
            "costofGoodsAndServicesSold": "10756000000",
            "operatingIncome": "4553000000",
            "sellingGeneralAndAdministrative": "1421000000",
            "researchAndDevelopment": "None",
            "operatingExpenses": "3132000000",
            "investmentIncomeNet": "None",
            "netInterestIncome": "-2162000000",
            "interestIncome": "4167000000",
            "interestExpense": "2162000000",
            "nonInterestIncome": "23480000000",
            "otherNonOperatingIncome": "453000000",
            "depreciation": "None",
            "depreciationAndAmortization": "119000000",
            "incomeBeforeTax": "1141000000",
            "incomeTaxExpense": "-236000000",
            "interestAndDebtExpense": "2162000000",
            "netIncomeFromContinuingOperations": "1263000000",
            "comprehensiveIncomeNetOfTax": "1270000000",
            "ebit": "3303000000",
            "ebitda": "3422000000",
            "netIncome": "1377000000"
        },
        {
            "fiscalDateEnding": "2019-12-31",
            "reportedCurrency": "USD",
            "grossProfit": "13287000000",
            "totalRevenue": "22144000000",
            "costOfRevenue": "8857000000",
            "costofGoodsAndServicesSold": "6826000000",
            "operatingIncome": "5709000000",
            "sellingGeneralAndAdministrative": "1396000000",
            "researchAndDevelopment": "None",
            "operatingExpenses": "2035000000",
            "investmentIncomeNet": "None",
            "netInterestIncome": "-2204000000",
            "interestIncome": "31000000",
            "interestExpense": "2204000000",
            "nonInterestIncome": "24348000000",
            "otherNonOperatingIncome": "430000000",
            "depreciation": "None",
            "depreciationAndAmortization": "111000000",
            "incomeBeforeTax": "4267000000",
            "incomeTaxExpense": "519000000",
            "interestAndDebtExpense": "2204000000",
            "netIncomeFromContinuingOperations": "3714000000",
            "comprehensiveIncomeNetOfTax": "3724000000",
            "ebit": "6471000000",
            "ebitda": "6582000000",
            "netIncome": "3748000000"
        },
        {
            "fiscalDateEnding": "2018-12-31",
            "reportedCurrency": "USD",
            "grossProfit": "12093000000",
            "totalRevenue": "21663000000",
            "costOfRevenue": "9570000000",
            "costofGoodsAndServicesSold": "6831000000",
            "operatingIncome": "4685000000",
            "sellingGeneralAndAdministrative": "1626000000",
            "researchAndDevelopment": "None",
            "operatingExpenses": "2828000000",
            "investmentIncomeNet": "None",
            "netInterestIncome": "-2094000000",
            "interestIncome": "20000000",
            "interestExpense": "2094000000",
            "nonInterestIncome": "23757000000",
            "otherNonOperatingIncome": "399000000",
            "depreciation": "None",
            "depreciationAndAmortization": "4696000000",
            "incomeBeforeTax": "3114000000",
            "incomeTaxExpense": "448000000",
            "interestAndDebtExpense": "2094000000",
            "netIncomeFromContinuingOperations": "2647000000",
            "comprehensiveIncomeNetOfTax": "2653000000",
            "ebit": "5208000000",
            "ebitda": "9904000000",
            "netIncome": "2666000000"
        }
    ],
    "quarterlyReports": [
        {
            "fiscalDateEnding": "2022-12-31",
            "reportedCurrency": "USD",
            "grossProfit": "4099000000",
            "totalRevenue": "6359000000",
            "costOfRevenue": "2260000000",
            "costofGoodsAndServicesSold": "1100000000",
            "operatingIncome": "1194000000",
            "sellingGeneralAndAdministrative": "417000000",
            "researchAndDevelopment": "None",
            "operatingExpenses": "1234000000",
            "investmentIncomeNet": "None",
            "netInterestIncome": "-624000000",
            "interestIncome": "598000000",
            "interestExpense": "624000000",
            "nonInterestIncome": "7085000000",
            "otherNonOperatingIncome": "99000000",
            "depreciation": "None",
            "depreciationAndAmortization": "1100000000",
            "incomeBeforeTax": "-527000000",
            "incomeTaxExpense": "109000000",
            "interestAndDebtExpense": "624000000",
            "netIncomeFromContinuingOperations": "588000000",
            "comprehensiveIncomeNetOfTax": "-698000000",
            "ebit": "97000000",
            "ebitda": "1358000000",
            "netIncome": "-636000000"
        },
        {
            "fiscalDateEnding": "2022-09-30",
            "reportedCurrency": "USD",
            "grossProfit": "5605000000",
            "totalRevenue": "7347000000",
            "costOfRevenue": "1742000000",
            "costofGoodsAndServicesSold": "1364000000",
            "operatingIncome": "2056000000",
            "sellingGeneralAndAdministrative": "378000000",
            "researchAndDevelopment": "None",
            "operatingExpenses": "408000000",
            "investmentIncomeNet": "None",
            "netInterestIncome": "-621000000",
            "interestIncome": "595000000",
            "interestExpense": "621000000",
            "nonInterestIncome": "7942000000",
            "otherNonOperatingIncome": "89000000",
            "depreciation": "None",
            "depreciationAndAmortization": "1364000000",
            "incomeBeforeTax": "1550000000",
            "incomeTaxExpense": "128000000",
            "interestAndDebtExpense": "621000000",
            "netIncomeFromContinuingOperations": "1360000000",
            "comprehensiveIncomeNetOfTax": "1417000000",
            "ebit": "2171000000",
            "ebitda": "3496000000",
            "netIncome": "1422000000"
        },
        {
            "fiscalDateEnding": "2022-06-30",
            "reportedCurrency": "USD",
            "grossProfit": "4406000000",
            "totalRevenue": "6078000000",
            "costOfRevenue": "1672000000",
            "costofGoodsAndServicesSold": "1302000000",
            "operatingIncome": "1448000000",
            "sellingGeneralAndAdministrative": "379000000",
            "researchAndDevelopment": "None",
            "operatingExpenses": "382000000",
            "investmentIncomeNet": "None",
            "netInterestIncome": "-607000000",
            "interestIncome": "571000000",
            "interestExpense": "607000000",
            "nonInterestIncome": "6606000000",
            "otherNonOperatingIncome": "115000000",
            "depreciation": "None",
            "depreciationAndAmortization": "2842000000",
            "incomeBeforeTax": "984000000",
            "incomeTaxExpense": "77000000",
            "interestAndDebtExpense": "607000000",
            "netIncomeFromContinuingOperations": "893000000",
            "comprehensiveIncomeNetOfTax": "1038000000",
            "ebit": "1591000000",
            "ebitda": "4419000000",
            "netIncome": "907000000"
        },
        {
            "fiscalDateEnding": "2022-03-31",
            "reportedCurrency": "USD",
            "grossProfit": "4618000000",
            "totalRevenue": "6545000000",
            "costOfRevenue": "1927000000",
            "costofGoodsAndServicesSold": "1320000000",
            "operatingIncome": "1314000000",
            "sellingGeneralAndAdministrative": "392000000",
            "researchAndDevelopment": "None",
            "operatingExpenses": "629000000",
            "investmentIncomeNet": "None",
            "netInterestIncome": "-587000000",
            "interestIncome": "562000000",
            "interestExpense": "587000000",
            "nonInterestIncome": "7042000000",
            "otherNonOperatingIncome": "89000000",
            "depreciation": "None",
            "depreciationAndAmortization": "81000000",
            "incomeBeforeTax": "843000000",
            "incomeTaxExpense": "-14000000",
            "interestAndDebtExpense": "587000000",
            "netIncomeFromContinuingOperations": "818000000",
            "comprehensiveIncomeNetOfTax": "956000000",
            "ebit": "1430000000",
            "ebitda": "1472000000",
            "netIncome": "857000000"
        },
        {
            "fiscalDateEnding": "2021-12-31",
            "reportedCurrency": "USD",
            "grossProfit": "3169000000",
            "totalRevenue": "5646000000",
            "costOfRevenue": "2477000000",
            "costofGoodsAndServicesSold": "1292000000",
            "operatingIncome": "1110000000",
            "sellingGeneralAndAdministrative": "404000000",
            "researchAndDevelopment": "None",
            "operatingExpenses": "1197000000",
            "investmentIncomeNet": "None",
            "netInterestIncome": "-592000000",
            "interestIncome": "-73000000",
            "interestExpense": "592000000",
            "nonInterestIncome": "6048000000",
            "otherNonOperatingIncome": "150000000",
            "depreciation": "None",
            "depreciationAndAmortization": "1292000000",
            "incomeBeforeTax": "728000000",
            "incomeTaxExpense": "-18000000",
            "interestAndDebtExpense": "592000000",
            "netIncomeFromContinuingOperations": "725000000",
            "comprehensiveIncomeNetOfTax": "740000000",
            "ebit": "1320000000",
            "ebitda": "2612000000",
            "netIncome": "746000000"
        },
        {
            "fiscalDateEnding": "2021-09-30",
            "reportedCurrency": "USD",
            "grossProfit": "4523000000",
            "totalRevenue": "6370000000",
            "costOfRevenue": "1847000000",
            "costofGoodsAndServicesSold": "1265000000",
            "operatingIncome": "1726000000",
            "sellingGeneralAndAdministrative": "371000000",
            "researchAndDevelopment": "None",
            "operatingExpenses": "584000000",
            "investmentIncomeNet": "None",
            "netInterestIncome": "-581000000",
            "interestIncome": "559000000",
            "interestExpense": "581000000",
            "nonInterestIncome": "6894000000",
            "otherNonOperatingIncome": "238000000",
            "depreciation": "None",
            "depreciationAndAmortization": "1436000000",
            "incomeBeforeTax": "1495000000",
            "incomeTaxExpense": "90000000",
            "interestAndDebtExpense": "581000000",
            "netIncomeFromContinuingOperations": "1366000000",
            "comprehensiveIncomeNetOfTax": "1414000000",
            "ebit": "2076000000",
            "ebitda": "3512000000",
            "netIncome": "1405000000"
        },
        {
            "fiscalDateEnding": "2021-06-30",
            "reportedCurrency": "USD",
            "grossProfit": "3499000000",
            "totalRevenue": "5186000000",
            "costOfRevenue": "1687000000",
            "costofGoodsAndServicesSold": "1207000000",
            "operatingIncome": "1169000000",
            "sellingGeneralAndAdministrative": "349000000",
            "researchAndDevelopment": "None",
            "operatingExpenses": "490000000",
            "investmentIncomeNet": "None",
            "netInterestIncome": "-572000000",
            "interestIncome": "563000000",
            "interestExpense": "572000000",
            "nonInterestIncome": "5667000000",
            "otherNonOperatingIncome": "128000000",
            "depreciation": "None",
            "depreciationAndAmortization": "1368000000",
            "incomeBeforeTax": "801000000",
            "incomeTaxExpense": "36000000",
            "interestAndDebtExpense": "572000000",
            "netIncomeFromContinuingOperations": "751000000",
            "comprehensiveIncomeNetOfTax": "677000000",
            "ebit": "1373000000",
            "ebitda": "2741000000",
            "netIncome": "765000000"
        },
        {
            "fiscalDateEnding": "2021-03-31",
            "reportedCurrency": "USD",
            "grossProfit": "4036000000",
            "totalRevenue": "5615000000",
            "costOfRevenue": "1579000000",
            "costofGoodsAndServicesSold": "1226000000",
            "operatingIncome": "1450000000",
            "sellingGeneralAndAdministrative": "353000000",
            "researchAndDevelopment": "None",
            "operatingExpenses": "370000000",
            "investmentIncomeNet": "None",
            "netInterestIncome": "-535000000",
            "interestIncome": "552000000",
            "interestExpense": "535000000",
            "nonInterestIncome": "6094000000",
            "otherNonOperatingIncome": "127000000",
            "depreciation": "None",
            "depreciationAndAmortization": "1385000000",
            "incomeBeforeTax": "1076000000",
            "incomeTaxExpense": "84000000",
            "interestAndDebtExpense": "535000000",
            "netIncomeFromContinuingOperations": "953000000",
            "comprehensiveIncomeNetOfTax": "1011000000",
            "ebit": "1611000000",
            "ebitda": "2996000000",
            "netIncome": "992000000"
        },
        {
            "fiscalDateEnding": "2020-12-31",
            "reportedCurrency": "USD",
            "grossProfit": "-3637000000",
            "totalRevenue": "5242000000",
            "costOfRevenue": "8879000000",
            "costofGoodsAndServicesSold": "7259000000",
            "operatingIncome": "74000000",
            "sellingGeneralAndAdministrative": "418000000",
            "researchAndDevelopment": "None",
            "operatingExpenses": "1671000000",
            "investmentIncomeNet": "None",
            "netInterestIncome": "-535000000",
            "interestIncome": "536000000",
            "interestExpense": "535000000",
            "nonInterestIncome": "5663000000",
            "otherNonOperatingIncome": "143000000",
            "depreciation": "None",
            "depreciationAndAmortization": "1405000000",
            "incomeBeforeTax": "-225000000",
            "incomeTaxExpense": "-162000000",
            "interestAndDebtExpense": "535000000",
            "netIncomeFromContinuingOperations": "-84000000",
            "comprehensiveIncomeNetOfTax": "-37000000",
            "ebit": "310000000",
            "ebitda": "1715000000",
            "netIncome": "-63000000"
        },
        {
            "fiscalDateEnding": "2020-09-30",
            "reportedCurrency": "USD",
            "grossProfit": "4630000000",
            "totalRevenue": "6199000000",
            "costOfRevenue": "1569000000",
            "costofGoodsAndServicesSold": "1217000000",
            "operatingIncome": "1814000000",
            "sellingGeneralAndAdministrative": "324000000",
            "researchAndDevelopment": "None",
            "operatingExpenses": "341000000",
            "investmentIncomeNet": "None",
            "netInterestIncome": "-522000000",
            "interestIncome": "602000000",
            "interestExpense": "522000000",
            "nonInterestIncome": "6658000000",
            "otherNonOperatingIncome": "127000000",
            "depreciation": "None",
            "depreciationAndAmortization": "1430000000",
            "incomeBeforeTax": "1409000000",
            "incomeTaxExpense": "105000000",
            "interestAndDebtExpense": "522000000",
            "netIncomeFromContinuingOperations": "1265000000",
            "comprehensiveIncomeNetOfTax": "1224000000",
            "ebit": "1931000000",
            "ebitda": "3361000000",
            "netIncome": "1304000000"
        },
        {
            "fiscalDateEnding": "2020-06-30",
            "reportedCurrency": "USD",
            "grossProfit": "3377000000",
            "totalRevenue": "4867000000",
            "costOfRevenue": "1490000000",
            "costofGoodsAndServicesSold": "1150000000",
            "operatingIncome": "1177000000",
            "sellingGeneralAndAdministrative": "334000000",
            "researchAndDevelopment": "None",
            "operatingExpenses": "348000000",
            "investmentIncomeNet": "None",
            "netInterestIncome": "-554000000",
            "interestIncome": "2522000000",
            "interestExpense": "554000000",
            "nonInterestIncome": "5338000000",
            "otherNonOperatingIncome": "137000000",
            "depreciation": "None",
            "depreciationAndAmortization": "1350000000",
            "incomeBeforeTax": "-1118000000",
            "incomeTaxExpense": "-316000000",
            "interestAndDebtExpense": "554000000",
            "netIncomeFromContinuingOperations": "-817000000",
            "comprehensiveIncomeNetOfTax": "-792000000",
            "ebit": "-564000000",
            "ebitda": "786000000",
            "netIncome": "-802000000"
        },
        {
            "fiscalDateEnding": "2020-03-31",
            "reportedCurrency": "USD",
            "grossProfit": "3772000000",
            "totalRevenue": "5249000000",
            "costOfRevenue": "1477000000",
            "costofGoodsAndServicesSold": "1130000000",
            "operatingIncome": "1488000000",
            "sellingGeneralAndAdministrative": "345000000",
            "researchAndDevelopment": "None",
            "operatingExpenses": "364000000",
            "investmentIncomeNet": "None",
            "netInterestIncome": "-551000000",
            "interestIncome": "507000000",
            "interestExpense": "551000000",
            "nonInterestIncome": "5800000000",
            "otherNonOperatingIncome": "46000000",
            "depreciation": "None",
            "depreciationAndAmortization": "1301000000",
            "incomeBeforeTax": "1075000000",
            "incomeTaxExpense": "137000000",
            "interestAndDebtExpense": "551000000",
            "netIncomeFromContinuingOperations": "899000000",
            "comprehensiveIncomeNetOfTax": "875000000",
            "ebit": "1626000000",
            "ebitda": "2927000000",
            "netIncome": "938000000"
        },
        {
            "fiscalDateEnding": "2019-12-31",
            "reportedCurrency": "USD",
            "grossProfit": "1280000000",
            "totalRevenue": "5316000000",
            "costOfRevenue": "4036000000",
            "costofGoodsAndServicesSold": "3462000000",
            "operatingIncome": "1109000000",
            "sellingGeneralAndAdministrative": "384000000",
            "researchAndDevelopment": "None",
            "operatingExpenses": "578000000",
            "investmentIncomeNet": "None",
            "netInterestIncome": "-547000000",
            "interestIncome": "522000000",
            "interestExpense": "547000000",
            "nonInterestIncome": "5863000000",
            "otherNonOperatingIncome": "122000000",
            "depreciation": "None",
            "depreciationAndAmortization": "27000000",
            "incomeBeforeTax": "769000000",
            "incomeTaxExpense": "95000000",
            "interestAndDebtExpense": "547000000",
            "netIncomeFromContinuingOperations": "667000000",
            "comprehensiveIncomeNetOfTax": "697000000",
            "ebit": "1316000000",
            "ebitda": "1343000000",
            "netIncome": "674000000"
        },
        {
            "fiscalDateEnding": "2019-09-30",
            "reportedCurrency": "USD",
            "grossProfit": "4691000000",
            "totalRevenue": "6220000000",
            "costOfRevenue": "1529000000",
            "costofGoodsAndServicesSold": "1186000000",
            "operatingIncome": "1929000000",
            "sellingGeneralAndAdministrative": "335000000",
            "researchAndDevelopment": "None",
            "operatingExpenses": "343000000",
            "investmentIncomeNet": "None",
            "netInterestIncome": "-572000000",
            "interestIncome": "522000000",
            "interestExpense": "572000000",
            "nonInterestIncome": "6792000000",
            "otherNonOperatingIncome": "104000000",
            "depreciation": "None",
            "depreciationAndAmortization": "28000000",
            "incomeBeforeTax": "1530000000",
            "incomeTaxExpense": "188000000",
            "interestAndDebtExpense": "572000000",
            "netIncomeFromContinuingOperations": "1327000000",
            "comprehensiveIncomeNetOfTax": "1327000000",
            "ebit": "2102000000",
            "ebitda": "2130000000",
            "netIncome": "1342000000"
        },
        {
            "fiscalDateEnding": "2019-06-30",
            "reportedCurrency": "USD",
            "grossProfit": "3697000000",
            "totalRevenue": "5153000000",
            "costOfRevenue": "1456000000",
            "costofGoodsAndServicesSold": "1089000000",
            "operatingIncome": "1298000000",
            "sellingGeneralAndAdministrative": "334000000",
            "researchAndDevelopment": "None",
            "operatingExpenses": "364000000",
            "investmentIncomeNet": "None",
            "netInterestIncome": "-542000000",
            "interestIncome": "498000000",
            "interestExpense": "542000000",
            "nonInterestIncome": "5695000000",
            "otherNonOperatingIncome": "89000000",
            "depreciation": "None",
            "depreciationAndAmortization": "29000000",
            "incomeBeforeTax": "973000000",
            "incomeTaxExpense": "141000000",
            "interestAndDebtExpense": "542000000",
            "netIncomeFromContinuingOperations": "820000000",
            "comprehensiveIncomeNetOfTax": "812000000",
            "ebit": "1515000000",
            "ebitda": "1544000000",
            "netIncome": "832000000"
        },
        {
            "fiscalDateEnding": "2019-03-31",
            "reportedCurrency": "USD",
            "grossProfit": "3913000000",
            "totalRevenue": "5455000000",
            "costOfRevenue": "1542000000",
            "costofGoodsAndServicesSold": "1089000000",
            "operatingIncome": "1373000000",
            "sellingGeneralAndAdministrative": "343000000",
            "researchAndDevelopment": "None",
            "operatingExpenses": "456000000",
            "investmentIncomeNet": "None",
            "netInterestIncome": "-543000000",
            "interestIncome": "500000000",
            "interestExpense": "543000000",
            "nonInterestIncome": "5998000000",
            "otherNonOperatingIncome": "115000000",
            "depreciation": "None",
            "depreciationAndAmortization": "27000000",
            "incomeBeforeTax": "995000000",
            "incomeTaxExpense": "95000000",
            "interestAndDebtExpense": "543000000",
            "netIncomeFromContinuingOperations": "900000000",
            "comprehensiveIncomeNetOfTax": "888000000",
            "ebit": "1538000000",
            "ebitda": "1565000000",
            "netIncome": "900000000"
        },
        {
            "fiscalDateEnding": "2018-12-31",
            "reportedCurrency": "USD",
            "grossProfit": "-218000000",
            "totalRevenue": "5368000000",
            "costOfRevenue": "218000000",
            "costofGoodsAndServicesSold": "3852000000",
            "operatingIncome": "871000000",
            "sellingGeneralAndAdministrative": "613000000",
            "researchAndDevelopment": "None",
            "operatingExpenses": "218000000",
            "investmentIncomeNet": "None",
            "netInterestIncome": "-544000000",
            "interestIncome": "None",
            "interestExpense": "544000000",
            "nonInterestIncome": "5912000000",
            "otherNonOperatingIncome": "72000000",
            "depreciation": "None",
            "depreciationAndAmortization": "1249000000",
            "incomeBeforeTax": "463000000",
            "incomeTaxExpense": "-1000000",
            "interestAndDebtExpense": "544000000",
            "netIncomeFromContinuingOperations": "444000000",
            "comprehensiveIncomeNetOfTax": "438000000",
            "ebit": "1007000000",
            "ebitda": "2256000000",
            "netIncome": "464000000"
        },
        {
            "fiscalDateEnding": "2018-09-30",
            "reportedCurrency": "USD",
            "grossProfit": "4425000000",
            "totalRevenue": "5934000000",
            "costOfRevenue": "1509000000",
            "costofGoodsAndServicesSold": "1039000000",
            "operatingIncome": "1579000000",
            "sellingGeneralAndAdministrative": "346000000",
            "researchAndDevelopment": "None",
            "operatingExpenses": "460000000",
            "investmentIncomeNet": "None",
            "netInterestIncome": "-517000000",
            "interestIncome": "None",
            "interestExpense": "517000000",
            "nonInterestIncome": "6451000000",
            "otherNonOperatingIncome": "131000000",
            "depreciation": "None",
            "depreciationAndAmortization": "1197000000",
            "incomeBeforeTax": "1250000000",
            "incomeTaxExpense": "168000000",
            "interestAndDebtExpense": "517000000",
            "netIncomeFromContinuingOperations": "1078000000",
            "comprehensiveIncomeNetOfTax": "1086000000",
            "ebit": "1767000000",
            "ebitda": "2964000000",
            "netIncome": "1082000000"
        },
        {
            "fiscalDateEnding": "2018-06-30",
            "reportedCurrency": "USD",
            "grossProfit": "3470000000",
            "totalRevenue": "4949000000",
            "costOfRevenue": "1479000000",
            "costofGoodsAndServicesSold": "973000000",
            "operatingIncome": "979000000",
            "sellingGeneralAndAdministrative": "334000000",
            "researchAndDevelopment": "None",
            "operatingExpenses": "503000000",
            "investmentIncomeNet": "None",
            "netInterestIncome": "-518000000",
            "interestIncome": "None",
            "interestExpense": "518000000",
            "nonInterestIncome": "5467000000",
            "otherNonOperatingIncome": "110000000",
            "depreciation": "None",
            "depreciationAndAmortization": "1161000000",
            "incomeBeforeTax": "600000000",
            "incomeTaxExpense": "100000000",
            "interestAndDebtExpense": "518000000",
            "netIncomeFromContinuingOperations": "505000000",
            "comprehensiveIncomeNetOfTax": "498000000",
            "ebit": "1118000000",
            "ebitda": "2279000000",
            "netIncome": "500000000"
        },
        {
            "fiscalDateEnding": "2018-03-31",
            "reportedCurrency": "USD",
            "grossProfit": "8378000000",
            "totalRevenue": "11397000000",
            "costOfRevenue": "3019000000",
            "costofGoodsAndServicesSold": "2643000000",
            "operatingIncome": "1256000000",
            "sellingGeneralAndAdministrative": "333000000",
            "researchAndDevelopment": "None",
            "operatingExpenses": "476000000",
            "investmentIncomeNet": "None",
            "netInterestIncome": "-515000000",
            "interestIncome": "None",
            "interestExpense": "515000000",
            "nonInterestIncome": "5928000000",
            "otherNonOperatingIncome": "86000000",
            "depreciation": "None",
            "depreciationAndAmortization": "1089000000",
            "incomeBeforeTax": "801000000",
            "incomeTaxExpense": "181000000",
            "interestAndDebtExpense": "515000000",
            "netIncomeFromContinuingOperations": "620000000",
            "comprehensiveIncomeNetOfTax": "631000000",
            "ebit": "1316000000",
            "ebitda": "2405000000",
            "netIncome": "620000000"
        }
    ]
}