{
    "symbol": "EMN",
    "annualReports": [
        {
            "fiscalDateEnding": "2022-12-31",
            "reportedCurrency": "USD",
            "grossProfit": "2137000000",
            "totalRevenue": "10580000000",
            "costOfRevenue": "8443000000",
            "costofGoodsAndServicesSold": "8443000000",
            "operatingIncome": "603000000",
            "sellingGeneralAndAdministrative": "726000000",
            "researchAndDevelopment": "264000000",
            "operatingExpenses": "1534000000",
            "investmentIncomeNet": "None",
            "netInterestIncome": "-182000000",
            "interestIncome": "-173000000",
            "interestExpense": "9000000",
            "nonInterestIncome": "-59000000",
            "otherNonOperatingIncome": "3000000",
            "depreciation": "384000000",
            "depreciationAndAmortization": "477000000",
            "incomeBeforeTax": "974000000",
            "incomeTaxExpense": "181000000",
            "interestAndDebtExpense": "9000000",
            "netIncomeFromContinuingOperations": "796000000",
            "comprehensiveIncomeNetOfTax": "770000000",
            "ebit": "983000000",
            "ebitda": "1460000000",
            "netIncome": "793000000"
        },
        {
            "fiscalDateEnding": "2021-12-31",
            "reportedCurrency": "USD",
            "grossProfit": "2500000000",
            "totalRevenue": "10476000000",
            "costOfRevenue": "7976000000",
            "costofGoodsAndServicesSold": "7976000000",
            "operatingIncome": "866000000",
            "sellingGeneralAndAdministrative": "795000000",
            "researchAndDevelopment": "254000000",
            "operatingExpenses": "2186000000",
            "investmentIncomeNet": "None",
            "netInterestIncome": "-198000000",
            "interestIncome": "-193000000",
            "interestExpense": "5000000",
            "nonInterestIncome": "-563000000",
            "otherNonOperatingIncome": "11000000",
            "depreciation": "426000000",
            "depreciationAndAmortization": "538000000",
            "incomeBeforeTax": "1072000000",
            "incomeTaxExpense": "215000000",
            "interestAndDebtExpense": "6000000",
            "netIncomeFromContinuingOperations": "867000000",
            "comprehensiveIncomeNetOfTax": "948000000",
            "ebit": "1077000000",
            "ebitda": "1615000000",
            "netIncome": "857000000"
        },
        {
            "fiscalDateEnding": "2020-12-31",
            "reportedCurrency": "USD",
            "grossProfit": "1975000000",
            "totalRevenue": "8473000000",
            "costOfRevenue": "6498000000",
            "costofGoodsAndServicesSold": "6498000000",
            "operatingIncome": "294000000",
            "sellingGeneralAndAdministrative": "654000000",
            "researchAndDevelopment": "226000000",
            "operatingExpenses": "1681000000",
            "investmentIncomeNet": "None",
            "netInterestIncome": "-210000000",
            "interestIncome": "-206000000",
            "interestExpense": "4000000",
            "nonInterestIncome": "-17000000",
            "otherNonOperatingIncome": "-7000000",
            "depreciation": "445000000",
            "depreciationAndAmortization": "574000000",
            "incomeBeforeTax": "519000000",
            "incomeTaxExpense": "41000000",
            "interestAndDebtExpense": "5000000",
            "netIncomeFromContinuingOperations": "489000000",
            "comprehensiveIncomeNetOfTax": "419000000",
            "ebit": "523000000",
            "ebitda": "1097000000",
            "netIncome": "478000000"
        },
        {
            "fiscalDateEnding": "2019-12-31",
            "reportedCurrency": "USD",
            "grossProfit": "2234000000",
            "totalRevenue": "9273000000",
            "costOfRevenue": "7039000000",
            "costofGoodsAndServicesSold": "7039000000",
            "operatingIncome": "572000000",
            "sellingGeneralAndAdministrative": "691000000",
            "researchAndDevelopment": "234000000",
            "operatingExpenses": "1662000000",
            "investmentIncomeNet": "None",
            "netInterestIncome": "-218000000",
            "interestIncome": "-214000000",
            "interestExpense": "4000000",
            "nonInterestIncome": "-9000000",
            "otherNonOperatingIncome": "-4000000",
            "depreciation": "450000000",
            "depreciationAndAmortization": "611000000",
            "incomeBeforeTax": "899000000",
            "incomeTaxExpense": "140000000",
            "interestAndDebtExpense": "4000000",
            "netIncomeFromContinuingOperations": "762000000",
            "comprehensiveIncomeNetOfTax": "770000000",
            "ebit": "903000000",
            "ebitda": "1514000000",
            "netIncome": "759000000"
        },
        {
            "fiscalDateEnding": "2018-12-31",
            "reportedCurrency": "USD",
            "grossProfit": "2479000000",
            "totalRevenue": "10151000000",
            "costOfRevenue": "7672000000",
            "costofGoodsAndServicesSold": "7672000000",
            "operatingIncome": "874000000",
            "sellingGeneralAndAdministrative": "721000000",
            "researchAndDevelopment": "235000000",
            "operatingExpenses": "1605000000",
            "investmentIncomeNet": "None",
            "netInterestIncome": "-235000000",
            "interestIncome": "-231000000",
            "interestExpense": "4000000",
            "nonInterestIncome": "-15000000",
            "otherNonOperatingIncome": "-4000000",
            "depreciation": "437000000",
            "depreciationAndAmortization": "604000000",
            "incomeBeforeTax": "1306000000",
            "incomeTaxExpense": "226000000",
            "interestAndDebtExpense": "11000000",
            "netIncomeFromContinuingOperations": "1084000000",
            "comprehensiveIncomeNetOfTax": "1044000000",
            "ebit": "1310000000",
            "ebitda": "1914000000",
            "netIncome": "1080000000"
        }
    ],
    "quarterlyReports": [
        {
            "fiscalDateEnding": "2022-12-31",
            "reportedCurrency": "USD",
            "grossProfit": "376000000",
            "totalRevenue": "2373000000",
            "costOfRevenue": "1997000000",
            "costofGoodsAndServicesSold": "1997000000",
            "operatingIncome": "-6000000",
            "sellingGeneralAndAdministrative": "172000000",
            "researchAndDevelopment": "64000000",
            "operatingExpenses": "382000000",
            "investmentIncomeNet": "None",
            "netInterestIncome": "-48000000",
            "interestIncome": "48000000",
            "interestExpense": "45000000",
            "nonInterestIncome": "-66000000",
            "otherNonOperatingIncome": "-41000000",
            "depreciation": "None",
            "depreciationAndAmortization": "117000000",
            "incomeBeforeTax": "27000000",
            "incomeTaxExpense": "26000000",
            "interestAndDebtExpense": "None",
            "netIncomeFromContinuingOperations": "2000000",
            "comprehensiveIncomeNetOfTax": "-52000000",
            "ebit": "-6000000",
            "ebitda": "111000000",
            "netIncome": "1000000"
        },
        {
            "fiscalDateEnding": "2022-09-30",
            "reportedCurrency": "USD",
            "grossProfit": "541000000",
            "totalRevenue": "2709000000",
            "costOfRevenue": "2168000000",
            "costofGoodsAndServicesSold": "2168000000",
            "operatingIncome": "298000000",
            "sellingGeneralAndAdministrative": "173000000",
            "researchAndDevelopment": "68000000",
            "operatingExpenses": "246000000",
            "investmentIncomeNet": "None",
            "netInterestIncome": "-43000000",
            "interestIncome": "2000000",
            "interestExpense": "45000000",
            "nonInterestIncome": "-3000000",
            "otherNonOperatingIncome": "-4000000",
            "depreciation": "None",
            "depreciationAndAmortization": "117000000",
            "incomeBeforeTax": "281000000",
            "incomeTaxExpense": "-20000000",
            "interestAndDebtExpense": "None",
            "netIncomeFromContinuingOperations": "301000000",
            "comprehensiveIncomeNetOfTax": "292000000",
            "ebit": "298000000",
            "ebitda": "415000000",
            "netIncome": "301000000"
        },
        {
            "fiscalDateEnding": "2022-06-30",
            "reportedCurrency": "USD",
            "grossProfit": "670000000",
            "totalRevenue": "2784000000",
            "costOfRevenue": "2114000000",
            "costofGoodsAndServicesSold": "2114000000",
            "operatingIncome": "399000000",
            "sellingGeneralAndAdministrative": "185000000",
            "researchAndDevelopment": "67000000",
            "operatingExpenses": "264000000",
            "investmentIncomeNet": "None",
            "netInterestIncome": "-45000000",
            "interestIncome": "45000000",
            "interestExpense": "45000000",
            "nonInterestIncome": "7000000",
            "otherNonOperatingIncome": "-7000000",
            "depreciation": "None",
            "depreciationAndAmortization": "122000000",
            "incomeBeforeTax": "380000000",
            "incomeTaxExpense": "124000000",
            "interestAndDebtExpense": "None",
            "netIncomeFromContinuingOperations": "257000000",
            "comprehensiveIncomeNetOfTax": "258000000",
            "ebit": "399000000",
            "ebitda": "521000000",
            "netIncome": "256000000"
        },
        {
            "fiscalDateEnding": "2022-03-31",
            "reportedCurrency": "USD",
            "grossProfit": "550000000",
            "totalRevenue": "2714000000",
            "costOfRevenue": "2164000000",
            "costofGoodsAndServicesSold": "2164000000",
            "operatingIncome": "166000000",
            "sellingGeneralAndAdministrative": "196000000",
            "researchAndDevelopment": "65000000",
            "operatingExpenses": "381000000",
            "investmentIncomeNet": "None",
            "netInterestIncome": "-46000000",
            "interestIncome": "1000000",
            "interestExpense": "47000000",
            "nonInterestIncome": "3000000",
            "otherNonOperatingIncome": "15000000",
            "depreciation": "None",
            "depreciationAndAmortization": "121000000",
            "incomeBeforeTax": "286000000",
            "incomeTaxExpense": "51000000",
            "interestAndDebtExpense": "None",
            "netIncomeFromContinuingOperations": "236000000",
            "comprehensiveIncomeNetOfTax": "272000000",
            "ebit": "166000000",
            "ebitda": "287000000",
            "netIncome": "235000000"
        },
        {
            "fiscalDateEnding": "2021-12-31",
            "reportedCurrency": "USD",
            "grossProfit": "559000000",
            "totalRevenue": "2694000000",
            "costOfRevenue": "2135000000",
            "costofGoodsAndServicesSold": "2135000000",
            "operatingIncome": "541000000",
            "sellingGeneralAndAdministrative": "208000000",
            "researchAndDevelopment": "67000000",
            "operatingExpenses": "18000000",
            "investmentIncomeNet": "None",
            "netInterestIncome": "-48000000",
            "interestIncome": "48000000",
            "interestExpense": "48000000",
            "nonInterestIncome": "-8000000",
            "otherNonOperatingIncome": "8000000",
            "depreciation": "None",
            "depreciationAndAmortization": "122000000",
            "incomeBeforeTax": "527000000",
            "incomeTaxExpense": "149000000",
            "interestAndDebtExpense": "6000000",
            "netIncomeFromContinuingOperations": "541000000",
            "comprehensiveIncomeNetOfTax": "381000000",
            "ebit": "541000000",
            "ebitda": "663000000",
            "netIncome": "378000000"
        },
        {
            "fiscalDateEnding": "2021-09-30",
            "reportedCurrency": "USD",
            "grossProfit": "662000000",
            "totalRevenue": "2720000000",
            "costOfRevenue": "2058000000",
            "costofGoodsAndServicesSold": "2058000000",
            "operatingIncome": "388000000",
            "sellingGeneralAndAdministrative": "201000000",
            "researchAndDevelopment": "66000000",
            "operatingExpenses": "334000000",
            "investmentIncomeNet": "None",
            "netInterestIncome": "-49000000",
            "interestIncome": "49000000",
            "interestExpense": "50000000",
            "nonInterestIncome": "-60000000",
            "otherNonOperatingIncome": "-54000000",
            "depreciation": "None",
            "depreciationAndAmortization": "127000000",
            "incomeBeforeTax": "318000000",
            "incomeTaxExpense": "-33000000",
            "interestAndDebtExpense": "0",
            "netIncomeFromContinuingOperations": "354000000",
            "comprehensiveIncomeNetOfTax": "399000000",
            "ebit": "388000000",
            "ebitda": "515000000",
            "netIncome": "351000000"
        },
        {
            "fiscalDateEnding": "2021-06-30",
            "reportedCurrency": "USD",
            "grossProfit": "681000000",
            "totalRevenue": "2653000000",
            "costOfRevenue": "1972000000",
            "costofGoodsAndServicesSold": "1972000000",
            "operatingIncome": "401000000",
            "sellingGeneralAndAdministrative": "202000000",
            "researchAndDevelopment": "63000000",
            "operatingExpenses": "775000000",
            "investmentIncomeNet": "None",
            "netInterestIncome": "-51000000",
            "interestIncome": "51000000",
            "interestExpense": "51000000",
            "nonInterestIncome": "-495000000",
            "otherNonOperatingIncome": "-494000000",
            "depreciation": "None",
            "depreciationAndAmortization": "140000000",
            "incomeBeforeTax": "-109000000",
            "incomeTaxExpense": "37000000",
            "interestAndDebtExpense": "None",
            "netIncomeFromContinuingOperations": "-144000000",
            "comprehensiveIncomeNetOfTax": "-131000000",
            "ebit": "401000000",
            "ebitda": "541000000",
            "netIncome": "-146000000"
        },
        {
            "fiscalDateEnding": "2021-03-31",
            "reportedCurrency": "USD",
            "grossProfit": "598000000",
            "totalRevenue": "2409000000",
            "costOfRevenue": "1811000000",
            "costofGoodsAndServicesSold": "1811000000",
            "operatingIncome": "200000000",
            "sellingGeneralAndAdministrative": "184000000",
            "researchAndDevelopment": "58000000",
            "operatingExpenses": "398000000",
            "investmentIncomeNet": "None",
            "netInterestIncome": "-50000000",
            "interestIncome": "1000000",
            "interestExpense": "51000000",
            "nonInterestIncome": "0",
            "otherNonOperatingIncome": "4000000",
            "depreciation": "None",
            "depreciationAndAmortization": "149000000",
            "incomeBeforeTax": "336000000",
            "incomeTaxExpense": "62000000",
            "interestAndDebtExpense": "None",
            "netIncomeFromContinuingOperations": "277000000",
            "comprehensiveIncomeNetOfTax": "299000000",
            "ebit": "200000000",
            "ebitda": "349000000",
            "netIncome": "274000000"
        },
        {
            "fiscalDateEnding": "2020-12-31",
            "reportedCurrency": "USD",
            "grossProfit": "526000000",
            "totalRevenue": "2186000000",
            "costOfRevenue": "1660000000",
            "costofGoodsAndServicesSold": "1660000000",
            "operatingIncome": "514000000",
            "sellingGeneralAndAdministrative": "174000000",
            "researchAndDevelopment": "57000000",
            "operatingExpenses": "12000000",
            "investmentIncomeNet": "None",
            "netInterestIncome": "-51000000",
            "interestIncome": "51000000",
            "interestExpense": "52000000",
            "nonInterestIncome": "-16000000",
            "otherNonOperatingIncome": "1000000",
            "depreciation": "None",
            "depreciationAndAmortization": "145000000",
            "incomeBeforeTax": "23000000",
            "incomeTaxExpense": "-9000000",
            "interestAndDebtExpense": "4000000",
            "netIncomeFromContinuingOperations": "514000000",
            "comprehensiveIncomeNetOfTax": "2000000",
            "ebit": "514000000",
            "ebitda": "659000000",
            "netIncome": "32000000"
        },
        {
            "fiscalDateEnding": "2020-09-30",
            "reportedCurrency": "USD",
            "grossProfit": "501000000",
            "totalRevenue": "2122000000",
            "costOfRevenue": "1621000000",
            "costofGoodsAndServicesSold": "1621000000",
            "operatingIncome": "220000000",
            "sellingGeneralAndAdministrative": "165000000",
            "researchAndDevelopment": "56000000",
            "operatingExpenses": "281000000",
            "investmentIncomeNet": "None",
            "netInterestIncome": "-52000000",
            "interestIncome": "52000000",
            "interestExpense": "54000000",
            "nonInterestIncome": "-1000000",
            "otherNonOperatingIncome": "-7000000",
            "depreciation": "None",
            "depreciationAndAmortization": "149000000",
            "incomeBeforeTax": "186000000",
            "incomeTaxExpense": "25000000",
            "interestAndDebtExpense": "1000000",
            "netIncomeFromContinuingOperations": "165000000",
            "comprehensiveIncomeNetOfTax": "127000000",
            "ebit": "220000000",
            "ebitda": "369000000",
            "netIncome": "161000000"
        },
        {
            "fiscalDateEnding": "2020-06-30",
            "reportedCurrency": "USD",
            "grossProfit": "371000000",
            "totalRevenue": "1924000000",
            "costOfRevenue": "1553000000",
            "costofGoodsAndServicesSold": "1553000000",
            "operatingIncome": "23000000",
            "sellingGeneralAndAdministrative": "155000000",
            "researchAndDevelopment": "52000000",
            "operatingExpenses": "348000000",
            "investmentIncomeNet": "None",
            "netInterestIncome": "-55000000",
            "interestIncome": "55000000",
            "interestExpense": "55000000",
            "nonInterestIncome": "0",
            "otherNonOperatingIncome": "1000000",
            "depreciation": "None",
            "depreciationAndAmortization": "141000000",
            "incomeBeforeTax": "-4000000",
            "incomeTaxExpense": "-31000000",
            "interestAndDebtExpense": "None",
            "netIncomeFromContinuingOperations": "30000000",
            "comprehensiveIncomeNetOfTax": "15000000",
            "ebit": "23000000",
            "ebitda": "164000000",
            "netIncome": "27000000"
        },
        {
            "fiscalDateEnding": "2020-03-31",
            "reportedCurrency": "USD",
            "grossProfit": "577000000",
            "totalRevenue": "2241000000",
            "costOfRevenue": "1664000000",
            "costofGoodsAndServicesSold": "1664000000",
            "operatingIncome": "203000000",
            "sellingGeneralAndAdministrative": "160000000",
            "researchAndDevelopment": "61000000",
            "operatingExpenses": "374000000",
            "investmentIncomeNet": "None",
            "netInterestIncome": "-52000000",
            "interestIncome": "1000000",
            "interestExpense": "53000000",
            "nonInterestIncome": "0",
            "otherNonOperatingIncome": "-4000000",
            "depreciation": "None",
            "depreciationAndAmortization": "139000000",
            "incomeBeforeTax": "314000000",
            "incomeTaxExpense": "56000000",
            "interestAndDebtExpense": "None",
            "netIncomeFromContinuingOperations": "260000000",
            "comprehensiveIncomeNetOfTax": "275000000",
            "ebit": "203000000",
            "ebitda": "342000000",
            "netIncome": "258000000"
        },
        {
            "fiscalDateEnding": "2019-12-31",
            "reportedCurrency": "USD",
            "grossProfit": "497000000",
            "totalRevenue": "2205000000",
            "costOfRevenue": "1708000000",
            "costofGoodsAndServicesSold": "1708000000",
            "operatingIncome": "423000000",
            "sellingGeneralAndAdministrative": "176000000",
            "researchAndDevelopment": "60000000",
            "operatingExpenses": "74000000",
            "investmentIncomeNet": "None",
            "netInterestIncome": "-53000000",
            "interestIncome": "1000000",
            "interestExpense": "54000000",
            "nonInterestIncome": "-3000000",
            "otherNonOperatingIncome": "-2000000",
            "depreciation": "None",
            "depreciationAndAmortization": "149000000",
            "incomeBeforeTax": "8000000",
            "incomeTaxExpense": "-18000000",
            "interestAndDebtExpense": "4000000",
            "netIncomeFromContinuingOperations": "423000000",
            "comprehensiveIncomeNetOfTax": "15000000",
            "ebit": "423000000",
            "ebitda": "572000000",
            "netIncome": "26000000"
        },
        {
            "fiscalDateEnding": "2019-09-30",
            "reportedCurrency": "USD",
            "grossProfit": "574000000",
            "totalRevenue": "2325000000",
            "costOfRevenue": "1751000000",
            "costofGoodsAndServicesSold": "1751000000",
            "operatingIncome": "350000000",
            "sellingGeneralAndAdministrative": "163000000",
            "researchAndDevelopment": "59000000",
            "operatingExpenses": "224000000",
            "investmentIncomeNet": "None",
            "netInterestIncome": "-54000000",
            "interestIncome": "1000000",
            "interestExpense": "55000000",
            "nonInterestIncome": "-4000000",
            "otherNonOperatingIncome": "-1000000",
            "depreciation": "None",
            "depreciationAndAmortization": "151000000",
            "incomeBeforeTax": "312000000",
            "incomeTaxExpense": "46000000",
            "interestAndDebtExpense": "0",
            "netIncomeFromContinuingOperations": "267000000",
            "comprehensiveIncomeNetOfTax": "298000000",
            "ebit": "350000000",
            "ebitda": "501000000",
            "netIncome": "266000000"
        },
        {
            "fiscalDateEnding": "2019-06-30",
            "reportedCurrency": "USD",
            "grossProfit": "589000000",
            "totalRevenue": "2363000000",
            "costOfRevenue": "1774000000",
            "costofGoodsAndServicesSold": "1774000000",
            "operatingIncome": "349000000",
            "sellingGeneralAndAdministrative": "165000000",
            "researchAndDevelopment": "57000000",
            "operatingExpenses": "240000000",
            "investmentIncomeNet": "None",
            "netInterestIncome": "-55000000",
            "interestIncome": "55000000",
            "interestExpense": "55000000",
            "nonInterestIncome": "-2000000",
            "otherNonOperatingIncome": "0",
            "depreciation": "None",
            "depreciationAndAmortization": "156000000",
            "incomeBeforeTax": "315000000",
            "incomeTaxExpense": "57000000",
            "interestAndDebtExpense": "None",
            "netIncomeFromContinuingOperations": "259000000",
            "comprehensiveIncomeNetOfTax": "217000000",
            "ebit": "349000000",
            "ebitda": "505000000",
            "netIncome": "258000000"
        },
        {
            "fiscalDateEnding": "2019-03-31",
            "reportedCurrency": "USD",
            "grossProfit": "574000000",
            "totalRevenue": "2380000000",
            "costOfRevenue": "1806000000",
            "costofGoodsAndServicesSold": "1806000000",
            "operatingIncome": "142000000",
            "sellingGeneralAndAdministrative": "187000000",
            "researchAndDevelopment": "58000000",
            "operatingExpenses": "432000000",
            "investmentIncomeNet": "None",
            "netInterestIncome": "-56000000",
            "interestIncome": "56000000",
            "interestExpense": "57000000",
            "nonInterestIncome": "0",
            "otherNonOperatingIncome": "-1000000",
            "depreciation": "None",
            "depreciationAndAmortization": "155000000",
            "incomeBeforeTax": "264000000",
            "incomeTaxExpense": "55000000",
            "interestAndDebtExpense": "None",
            "netIncomeFromContinuingOperations": "209000000",
            "comprehensiveIncomeNetOfTax": "240000000",
            "ebit": "142000000",
            "ebitda": "297000000",
            "netIncome": "209000000"
        },
        {
            "fiscalDateEnding": "2018-12-31",
            "reportedCurrency": "USD",
            "grossProfit": "466000000",
            "totalRevenue": "2376000000",
            "costOfRevenue": "1910000000",
            "costofGoodsAndServicesSold": "1910000000",
            "operatingIncome": "427000000",
            "sellingGeneralAndAdministrative": "167000000",
            "researchAndDevelopment": "59000000",
            "operatingExpenses": "39000000",
            "investmentIncomeNet": "None",
            "netInterestIncome": "-57000000",
            "interestIncome": "None",
            "interestExpense": "57000000",
            "nonInterestIncome": "-2000000",
            "otherNonOperatingIncome": "0",
            "depreciation": "None",
            "depreciationAndAmortization": "153000000",
            "incomeBeforeTax": "70000000",
            "incomeTaxExpense": "36000000",
            "interestAndDebtExpense": "None",
            "netIncomeFromContinuingOperations": "427000000",
            "comprehensiveIncomeNetOfTax": "-17000000",
            "ebit": "427000000",
            "ebitda": "580000000",
            "netIncome": "34000000"
        },
        {
            "fiscalDateEnding": "2018-09-30",
            "reportedCurrency": "USD",
            "grossProfit": "728000000",
            "totalRevenue": "2547000000",
            "costOfRevenue": "1819000000",
            "costofGoodsAndServicesSold": "1819000000",
            "operatingIncome": "493000000",
            "sellingGeneralAndAdministrative": "175000000",
            "researchAndDevelopment": "60000000",
            "operatingExpenses": "235000000",
            "investmentIncomeNet": "None",
            "netInterestIncome": "-58000000",
            "interestIncome": "None",
            "interestExpense": "58000000",
            "nonInterestIncome": "-6000000",
            "otherNonOperatingIncome": "-3000000",
            "depreciation": "None",
            "depreciationAndAmortization": "151000000",
            "incomeBeforeTax": "458000000",
            "incomeTaxExpense": "46000000",
            "interestAndDebtExpense": "None",
            "netIncomeFromContinuingOperations": "413000000",
            "comprehensiveIncomeNetOfTax": "411000000",
            "ebit": "493000000",
            "ebitda": "644000000",
            "netIncome": "412000000"
        },
        {
            "fiscalDateEnding": "2018-06-30",
            "reportedCurrency": "USD",
            "grossProfit": "704000000",
            "totalRevenue": "2621000000",
            "costOfRevenue": "1917000000",
            "costofGoodsAndServicesSold": "1917000000",
            "operatingIncome": "451000000",
            "sellingGeneralAndAdministrative": "189000000",
            "researchAndDevelopment": "60000000",
            "operatingExpenses": "253000000",
            "investmentIncomeNet": "None",
            "netInterestIncome": "-61000000",
            "interestIncome": "None",
            "interestExpense": "63000000",
            "nonInterestIncome": "-7000000",
            "otherNonOperatingIncome": "0",
            "depreciation": "None",
            "depreciationAndAmortization": "148000000",
            "incomeBeforeTax": "428000000",
            "incomeTaxExpense": "84000000",
            "interestAndDebtExpense": "None",
            "netIncomeFromContinuingOperations": "346000000",
            "comprehensiveIncomeNetOfTax": "363000000",
            "ebit": "451000000",
            "ebitda": "599000000",
            "netIncome": "344000000"
        },
        {
            "fiscalDateEnding": "2018-03-31",
            "reportedCurrency": "USD",
            "grossProfit": "581000000",
            "totalRevenue": "2607000000",
            "costOfRevenue": "2026000000",
            "costofGoodsAndServicesSold": "2026000000",
            "operatingIncome": "181000000",
            "sellingGeneralAndAdministrative": "190000000",
            "researchAndDevelopment": "56000000",
            "operatingExpenses": "400000000",
            "investmentIncomeNet": "None",
            "netInterestIncome": "-59000000",
            "interestIncome": "None",
            "interestExpense": "60000000",
            "nonInterestIncome": "0",
            "otherNonOperatingIncome": "-1000000",
            "depreciation": "None",
            "depreciationAndAmortization": "152000000",
            "incomeBeforeTax": "350000000",
            "incomeTaxExpense": "60000000",
            "interestAndDebtExpense": "None",
            "netIncomeFromContinuingOperations": "290000000",
            "comprehensiveIncomeNetOfTax": "287000000",
            "ebit": "181000000",
            "ebitda": "333000000",
            "netIncome": "290000000"
        }
    ]
}