{
    "symbol": "EXPE",
    "annualReports": [
        {
            "fiscalDateEnding": "2022-12-31",
            "reportedCurrency": "USD",
            "grossProfit": "2653000000",
            "totalRevenue": "11327000000",
            "costOfRevenue": "8674000000",
            "costofGoodsAndServicesSold": "1657000000",
            "operatingIncome": "1085000000",
            "sellingGeneralAndAdministrative": "6848000000",
            "researchAndDevelopment": "1181000000",
            "operatingExpenses": "7011000000",
            "investmentIncomeNet": "60000000",
            "netInterestIncome": "-277000000",
            "interestIncome": "60000000",
            "interestExpense": "277000000",
            "nonInterestIncome": "11604000000",
            "otherNonOperatingIncome": "-385000000",
            "depreciation": "704000000",
            "depreciationAndAmortization": "88000000",
            "incomeBeforeTax": "547000000",
            "incomeTaxExpense": "195000000",
            "interestAndDebtExpense": "228000000",
            "netIncomeFromContinuingOperations": "343000000",
            "comprehensiveIncomeNetOfTax": "267000000",
            "ebit": "824000000",
            "ebitda": "912000000",
            "netIncome": "352000000"
        },
        {
            "fiscalDateEnding": "2021-12-31",
            "reportedCurrency": "USD",
            "grossProfit": "1743000000",
            "totalRevenue": "8359000000",
            "costOfRevenue": "6616000000",
            "costofGoodsAndServicesSold": "1522000000",
            "operatingIncome": "186000000",
            "sellingGeneralAndAdministrative": "4926000000",
            "researchAndDevelopment": "1074000000",
            "operatingExpenses": "4638000000",
            "investmentIncomeNet": "9000000",
            "netInterestIncome": "-351000000",
            "interestIncome": "9000000",
            "interestExpense": "351000000",
            "nonInterestIncome": "8710000000",
            "otherNonOperatingIncome": "-58000000",
            "depreciation": "715000000",
            "depreciationAndAmortization": "99000000",
            "incomeBeforeTax": "-41000000",
            "incomeTaxExpense": "-53000000",
            "interestAndDebtExpense": "631000000",
            "netIncomeFromContinuingOperations": "15000000",
            "comprehensiveIncomeNetOfTax": "41000000",
            "ebit": "310000000",
            "ebitda": "409000000",
            "netIncome": "12000000"
        },
        {
            "fiscalDateEnding": "2020-12-31",
            "reportedCurrency": "USD",
            "grossProfit": "-1205000000",
            "totalRevenue": "4977000000",
            "costOfRevenue": "6182000000",
            "costofGoodsAndServicesSold": "1680000000",
            "operatingIncome": "-2719000000",
            "sellingGeneralAndAdministrative": "3143000000",
            "researchAndDevelopment": "1010000000",
            "operatingExpenses": "4597000000",
            "investmentIncomeNet": "18000000",
            "netInterestIncome": "-360000000",
            "interestIncome": "18000000",
            "interestExpense": "360000000",
            "nonInterestIncome": "5337000000",
            "otherNonOperatingIncome": "-77000000",
            "depreciation": "739000000",
            "depreciationAndAmortization": "154000000",
            "incomeBeforeTax": "-3035000000",
            "incomeTaxExpense": "-423000000",
            "interestAndDebtExpense": "360000000",
            "netIncomeFromContinuingOperations": "-2728000000",
            "comprehensiveIncomeNetOfTax": "-2573000000",
            "ebit": "-2675000000",
            "ebitda": "-2521000000",
            "netIncome": "-2612000000"
        },
        {
            "fiscalDateEnding": "2019-12-31",
            "reportedCurrency": "USD",
            "grossProfit": "9719000000",
            "totalRevenue": "11882000000",
            "costOfRevenue": "2163000000",
            "costofGoodsAndServicesSold": "2077000000",
            "operatingIncome": "903000000",
            "sellingGeneralAndAdministrative": "6982000000",
            "researchAndDevelopment": "1763000000",
            "operatingExpenses": "7204000000",
            "investmentIncomeNet": "59000000",
            "netInterestIncome": "-173000000",
            "interestIncome": "59000000",
            "interestExpense": "173000000",
            "nonInterestIncome": "12055000000",
            "otherNonOperatingIncome": "-14000000",
            "depreciation": "712000000",
            "depreciationAndAmortization": "198000000",
            "incomeBeforeTax": "768000000",
            "incomeTaxExpense": "203000000",
            "interestAndDebtExpense": "173000000",
            "netIncomeFromContinuingOperations": "572000000",
            "comprehensiveIncomeNetOfTax": "568000000",
            "ebit": "941000000",
            "ebitda": "1139000000",
            "netIncome": "565000000"
        },
        {
            "fiscalDateEnding": "2018-12-31",
            "reportedCurrency": "USD",
            "grossProfit": "9102000000",
            "totalRevenue": "11067000000",
            "costOfRevenue": "1965000000",
            "costofGoodsAndServicesSold": "1864000000",
            "operatingIncome": "714000000",
            "sellingGeneralAndAdministrative": "6575000000",
            "researchAndDevelopment": "1617000000",
            "operatingExpenses": "6986000000",
            "investmentIncomeNet": "71000000",
            "netInterestIncome": "-190000000",
            "interestIncome": "71000000",
            "interestExpense": "190000000",
            "nonInterestIncome": "11257000000",
            "otherNonOperatingIncome": "-110000000",
            "depreciation": "676000000",
            "depreciationAndAmortization": "283000000",
            "incomeBeforeTax": "493000000",
            "incomeTaxExpense": "87000000",
            "interestAndDebtExpense": "190000000",
            "netIncomeFromContinuingOperations": "398000000",
            "comprehensiveIncomeNetOfTax": "338000000",
            "ebit": "683000000",
            "ebitda": "966000000",
            "netIncome": "406000000"
        }
    ],
    "quarterlyReports": [
        {
            "fiscalDateEnding": "2022-12-31",
            "reportedCurrency": "USD",
            "grossProfit": "620000000",
            "totalRevenue": "2616000000",
            "costOfRevenue": "1996000000",
            "costofGoodsAndServicesSold": "412000000",
            "operatingIncome": "128000000",
            "sellingGeneralAndAdministrative": "1562000000",
            "researchAndDevelopment": "317000000",
            "operatingExpenses": "1566000000",
            "investmentIncomeNet": "27000000",
            "netInterestIncome": "-60000000",
            "interestIncome": "27000000",
            "interestExpense": "60000000",
            "nonInterestIncome": "2676000000",
            "otherNonOperatingIncome": "82000000",
            "depreciation": "177000000",
            "depreciationAndAmortization": "22000000",
            "incomeBeforeTax": "185000000",
            "incomeTaxExpense": "8000000",
            "interestAndDebtExpense": "60000000",
            "netIncomeFromContinuingOperations": "175000000",
            "comprehensiveIncomeNetOfTax": "260000000",
            "ebit": "245000000",
            "ebitda": "267000000",
            "netIncome": "177000000"
        },
        {
            "fiscalDateEnding": "2022-09-30",
            "reportedCurrency": "USD",
            "grossProfit": "1243000000",
            "totalRevenue": "3629000000",
            "costOfRevenue": "2386000000",
            "costofGoodsAndServicesSold": "455000000",
            "operatingIncome": "747000000",
            "sellingGeneralAndAdministrative": "1856000000",
            "researchAndDevelopment": "310000000",
            "operatingExpenses": "1931000000",
            "investmentIncomeNet": "20000000",
            "netInterestIncome": "-63000000",
            "interestIncome": "20000000",
            "interestExpense": "63000000",
            "nonInterestIncome": "3692000000",
            "otherNonOperatingIncome": "-87000000",
            "depreciation": "176000000",
            "depreciationAndAmortization": "23000000",
            "incomeBeforeTax": "696000000",
            "incomeTaxExpense": "214000000",
            "interestAndDebtExpense": "-10000000",
            "netIncomeFromContinuingOperations": "476000000",
            "comprehensiveIncomeNetOfTax": "405000000",
            "ebit": "759000000",
            "ebitda": "782000000",
            "netIncome": "482000000"
        },
        {
            "fiscalDateEnding": "2022-06-30",
            "reportedCurrency": "USD",
            "grossProfit": "710000000",
            "totalRevenue": "3084000000",
            "costOfRevenue": "2374000000",
            "costofGoodsAndServicesSold": "419000000",
            "operatingIncome": "345000000",
            "sellingGeneralAndAdministrative": "1905000000",
            "researchAndDevelopment": "284000000",
            "operatingExpenses": "1955000000",
            "investmentIncomeNet": "10000000",
            "netInterestIncome": "-73000000",
            "interestIncome": "10000000",
            "interestExpense": "73000000",
            "nonInterestIncome": "3157000000",
            "otherNonOperatingIncome": "-385000000",
            "depreciation": "176000000",
            "depreciationAndAmortization": "21000000",
            "incomeBeforeTax": "-127000000",
            "incomeTaxExpense": "58000000",
            "interestAndDebtExpense": "97000000",
            "netIncomeFromContinuingOperations": "-185000000",
            "comprehensiveIncomeNetOfTax": "-264000000",
            "ebit": "-54000000",
            "ebitda": "-33000000",
            "netIncome": "-185000000"
        },
        {
            "fiscalDateEnding": "2022-03-31",
            "reportedCurrency": "USD",
            "grossProfit": "218000000",
            "totalRevenue": "2136000000",
            "costOfRevenue": "1918000000",
            "costofGoodsAndServicesSold": "371000000",
            "operatingIncome": "-135000000",
            "sellingGeneralAndAdministrative": "1525000000",
            "researchAndDevelopment": "270000000",
            "operatingExpenses": "1550000000",
            "investmentIncomeNet": "3000000",
            "netInterestIncome": "-81000000",
            "interestIncome": "3000000",
            "interestExpense": "81000000",
            "nonInterestIncome": "2217000000",
            "otherNonOperatingIncome": "5000000",
            "depreciation": "175000000",
            "depreciationAndAmortization": "22000000",
            "incomeBeforeTax": "-207000000",
            "incomeTaxExpense": "-85000000",
            "interestAndDebtExpense": "81000000",
            "netIncomeFromContinuingOperations": "-123000000",
            "comprehensiveIncomeNetOfTax": "-134000000",
            "ebit": "-126000000",
            "ebitda": "-104000000",
            "netIncome": "-122000000"
        },
        {
            "fiscalDateEnding": "2021-12-31",
            "reportedCurrency": "USD",
            "grossProfit": "949000000",
            "totalRevenue": "2608000000",
            "costOfRevenue": "1659000000",
            "costofGoodsAndServicesSold": "395000000",
            "operatingIncome": "163000000",
            "sellingGeneralAndAdministrative": "1227000000",
            "researchAndDevelopment": "274000000",
            "operatingExpenses": "810000000",
            "investmentIncomeNet": "4000000",
            "netInterestIncome": "-84000000",
            "interestIncome": "4000000",
            "interestExpense": "84000000",
            "nonInterestIncome": "2692000000",
            "otherNonOperatingIncome": "-68000000",
            "depreciation": "177000000",
            "depreciationAndAmortization": "22000000",
            "incomeBeforeTax": "462000000",
            "incomeTaxExpense": "76000000",
            "interestAndDebtExpense": "84000000",
            "netIncomeFromContinuingOperations": "395000000",
            "comprehensiveIncomeNetOfTax": "458000000",
            "ebit": "546000000",
            "ebitda": "568000000",
            "netIncome": "386000000"
        },
        {
            "fiscalDateEnding": "2021-09-30",
            "reportedCurrency": "USD",
            "grossProfit": "902000000",
            "totalRevenue": "2876000000",
            "costOfRevenue": "1974000000",
            "costofGoodsAndServicesSold": "442000000",
            "operatingIncome": "524000000",
            "sellingGeneralAndAdministrative": "1496000000",
            "researchAndDevelopment": "277000000",
            "operatingExpenses": "1532000000",
            "investmentIncomeNet": "2000000",
            "netInterestIncome": "-86000000",
            "interestIncome": "2000000",
            "interestExpense": "86000000",
            "nonInterestIncome": "2962000000",
            "otherNonOperatingIncome": "25000000",
            "depreciation": "177000000",
            "depreciationAndAmortization": "24000000",
            "incomeBeforeTax": "463000000",
            "incomeTaxExpense": "87000000",
            "interestAndDebtExpense": "86000000",
            "netIncomeFromContinuingOperations": "378000000",
            "comprehensiveIncomeNetOfTax": "341000000",
            "ebit": "549000000",
            "ebitda": "573000000",
            "netIncome": "376000000"
        },
        {
            "fiscalDateEnding": "2021-06-30",
            "reportedCurrency": "USD",
            "grossProfit": "232000000",
            "totalRevenue": "2028000000",
            "costOfRevenue": "1796000000",
            "costofGoodsAndServicesSold": "374000000",
            "operatingIncome": "-132000000",
            "sellingGeneralAndAdministrative": "1383000000",
            "researchAndDevelopment": "276000000",
            "operatingExpenses": "1422000000",
            "investmentIncomeNet": "1000000",
            "netInterestIncome": "-83000000",
            "interestIncome": "1000000",
            "interestExpense": "83000000",
            "nonInterestIncome": "2111000000",
            "otherNonOperatingIncome": "-10000000",
            "depreciation": "179000000",
            "depreciationAndAmortization": "26000000",
            "incomeBeforeTax": "-219000000",
            "incomeTaxExpense": "-47000000",
            "interestAndDebtExpense": "83000000",
            "netIncomeFromContinuingOperations": "-177000000",
            "comprehensiveIncomeNetOfTax": "-159000000",
            "ebit": "-136000000",
            "ebitda": "-110000000",
            "netIncome": "-172000000"
        },
        {
            "fiscalDateEnding": "2021-03-31",
            "reportedCurrency": "USD",
            "grossProfit": "-326000000",
            "totalRevenue": "861000000",
            "costOfRevenue": "1187000000",
            "costofGoodsAndServicesSold": "311000000",
            "operatingIncome": "-369000000",
            "sellingGeneralAndAdministrative": "820000000",
            "researchAndDevelopment": "247000000",
            "operatingExpenses": "877000000",
            "investmentIncomeNet": "2000000",
            "netInterestIncome": "-98000000",
            "interestIncome": "2000000",
            "interestExpense": "98000000",
            "nonInterestIncome": "959000000",
            "otherNonOperatingIncome": "-5000000",
            "depreciation": "182000000",
            "depreciationAndAmortization": "27000000",
            "incomeBeforeTax": "-747000000",
            "incomeTaxExpense": "-169000000",
            "interestAndDebtExpense": "378000000",
            "netIncomeFromContinuingOperations": "-581000000",
            "comprehensiveIncomeNetOfTax": "-599000000",
            "ebit": "-649000000",
            "ebitda": "-622000000",
            "netIncome": "-578000000"
        },
        {
            "fiscalDateEnding": "2020-12-31",
            "reportedCurrency": "USD",
            "grossProfit": "920000000",
            "totalRevenue": "920000000",
            "costOfRevenue": "982000000",
            "costofGoodsAndServicesSold": "287000000",
            "operatingIncome": "-463000000",
            "sellingGeneralAndAdministrative": "635000000",
            "researchAndDevelopment": "223000000",
            "operatingExpenses": "693000000",
            "investmentIncomeNet": "2000000",
            "netInterestIncome": "-102000000",
            "interestIncome": "2000000",
            "interestExpense": "102000000",
            "nonInterestIncome": "920000000",
            "otherNonOperatingIncome": "81000000",
            "depreciation": "180000000",
            "depreciationAndAmortization": "32000000",
            "incomeBeforeTax": "-487000000",
            "incomeTaxExpense": "-104000000",
            "interestAndDebtExpense": "102000000",
            "netIncomeFromContinuingOperations": "-463000000",
            "comprehensiveIncomeNetOfTax": "-463000000",
            "ebit": "-385000000",
            "ebitda": "-353000000",
            "netIncome": "-383000000"
        },
        {
            "fiscalDateEnding": "2020-09-30",
            "reportedCurrency": "USD",
            "grossProfit": "183000000",
            "totalRevenue": "1391000000",
            "costOfRevenue": "1208000000",
            "costofGoodsAndServicesSold": "375000000",
            "operatingIncome": "-113000000",
            "sellingGeneralAndAdministrative": "663000000",
            "researchAndDevelopment": "224000000",
            "operatingExpenses": "833000000",
            "investmentIncomeNet": "3000000",
            "netInterestIncome": "-113000000",
            "interestIncome": "3000000",
            "interestExpense": "113000000",
            "nonInterestIncome": "1504000000",
            "otherNonOperatingIncome": "-1000000",
            "depreciation": "183000000",
            "depreciationAndAmortization": "37000000",
            "incomeBeforeTax": "-216000000",
            "incomeTaxExpense": "-24000000",
            "interestAndDebtExpense": "113000000",
            "netIncomeFromContinuingOperations": "-200000000",
            "comprehensiveIncomeNetOfTax": "-158000000",
            "ebit": "-103000000",
            "ebitda": "-66000000",
            "netIncome": "-192000000"
        },
        {
            "fiscalDateEnding": "2020-06-30",
            "reportedCurrency": "USD",
            "grossProfit": "-490000000",
            "totalRevenue": "471000000",
            "costOfRevenue": "961000000",
            "costofGoodsAndServicesSold": "389000000",
            "operatingIncome": "-849000000",
            "sellingGeneralAndAdministrative": "448000000",
            "researchAndDevelopment": "255000000",
            "operatingExpenses": "572000000",
            "investmentIncomeNet": "3000000",
            "netInterestIncome": "-95000000",
            "interestIncome": "3000000",
            "interestExpense": "95000000",
            "nonInterestIncome": "566000000",
            "otherNonOperatingIncome": "-12000000",
            "depreciation": "191000000",
            "depreciationAndAmortization": "41000000",
            "incomeBeforeTax": "-949000000",
            "incomeTaxExpense": "-213000000",
            "interestAndDebtExpense": "95000000",
            "netIncomeFromContinuingOperations": "-740000000",
            "comprehensiveIncomeNetOfTax": "-708000000",
            "ebit": "-854000000",
            "ebitda": "-813000000",
            "netIncome": "-736000000"
        },
        {
            "fiscalDateEnding": "2020-03-31",
            "reportedCurrency": "USD",
            "grossProfit": "-853000000",
            "totalRevenue": "2178000000",
            "costOfRevenue": "3031000000",
            "costofGoodsAndServicesSold": "629000000",
            "operatingIncome": "-1294000000",
            "sellingGeneralAndAdministrative": "1397000000",
            "researchAndDevelopment": "308000000",
            "operatingExpenses": "2461000000",
            "investmentIncomeNet": "10000000",
            "netInterestIncome": "-50000000",
            "interestIncome": "10000000",
            "interestExpense": "50000000",
            "nonInterestIncome": "2228000000",
            "otherNonOperatingIncome": "-145000000",
            "depreciation": "185000000",
            "depreciationAndAmortization": "44000000",
            "incomeBeforeTax": "-1383000000",
            "incomeTaxExpense": "-82000000",
            "interestAndDebtExpense": "50000000",
            "netIncomeFromContinuingOperations": "-1397000000",
            "comprehensiveIncomeNetOfTax": "-1385000000",
            "ebit": "-1333000000",
            "ebitda": "-1289000000",
            "netIncome": "-1301000000"
        },
        {
            "fiscalDateEnding": "2019-12-31",
            "reportedCurrency": "USD",
            "grossProfit": "2747000000",
            "totalRevenue": "2747000000",
            "costOfRevenue": "559000000",
            "costofGoodsAndServicesSold": "539000000",
            "operatingIncome": "160000000",
            "sellingGeneralAndAdministrative": "1508000000",
            "researchAndDevelopment": "459000000",
            "operatingExpenses": "1560000000",
            "investmentIncomeNet": "14000000",
            "netInterestIncome": "-53000000",
            "interestIncome": "14000000",
            "interestExpense": "53000000",
            "nonInterestIncome": "2747000000",
            "otherNonOperatingIncome": "-1000000",
            "depreciation": "182000000",
            "depreciationAndAmortization": "44000000",
            "incomeBeforeTax": "118000000",
            "incomeTaxExpense": "42000000",
            "interestAndDebtExpense": "53000000",
            "netIncomeFromContinuingOperations": "160000000",
            "comprehensiveIncomeNetOfTax": "117000000",
            "ebit": "171000000",
            "ebitda": "215000000",
            "netIncome": "76000000"
        },
        {
            "fiscalDateEnding": "2019-09-30",
            "reportedCurrency": "USD",
            "grossProfit": "2949000000",
            "totalRevenue": "3518000000",
            "costOfRevenue": "569000000",
            "costofGoodsAndServicesSold": "548000000",
            "operatingIncome": "609000000",
            "sellingGeneralAndAdministrative": "1877000000",
            "researchAndDevelopment": "440000000",
            "operatingExpenses": "1929000000",
            "investmentIncomeNet": "17000000",
            "netInterestIncome": "-40000000",
            "interestIncome": "17000000",
            "interestExpense": "40000000",
            "nonInterestIncome": "3558000000",
            "otherNonOperatingIncome": "-25000000",
            "depreciation": "178000000",
            "depreciationAndAmortization": "50000000",
            "incomeBeforeTax": "563000000",
            "incomeTaxExpense": "154000000",
            "interestAndDebtExpense": "40000000",
            "netIncomeFromContinuingOperations": "407000000",
            "comprehensiveIncomeNetOfTax": "367000000",
            "ebit": "603000000",
            "ebitda": "653000000",
            "netIncome": "409000000"
        },
        {
            "fiscalDateEnding": "2019-06-30",
            "reportedCurrency": "USD",
            "grossProfit": "2592000000",
            "totalRevenue": "3114000000",
            "costOfRevenue": "522000000",
            "costofGoodsAndServicesSold": "500000000",
            "operatingIncome": "265000000",
            "sellingGeneralAndAdministrative": "1871000000",
            "researchAndDevelopment": "435000000",
            "operatingExpenses": "1927000000",
            "investmentIncomeNet": "17000000",
            "netInterestIncome": "-39000000",
            "interestIncome": "17000000",
            "interestExpense": "39000000",
            "nonInterestIncome": "3153000000",
            "otherNonOperatingIncome": "-8000000",
            "depreciation": "176000000",
            "depreciationAndAmortization": "52000000",
            "incomeBeforeTax": "231000000",
            "incomeTaxExpense": "48000000",
            "interestAndDebtExpense": "39000000",
            "netIncomeFromContinuingOperations": "187000000",
            "comprehensiveIncomeNetOfTax": "184000000",
            "ebit": "270000000",
            "ebitda": "322000000",
            "netIncome": "183000000"
        },
        {
            "fiscalDateEnding": "2019-03-31",
            "reportedCurrency": "USD",
            "grossProfit": "2062000000",
            "totalRevenue": "2575000000",
            "costOfRevenue": "513000000",
            "costofGoodsAndServicesSold": "490000000",
            "operatingIncome": "-131000000",
            "sellingGeneralAndAdministrative": "1726000000",
            "researchAndDevelopment": "429000000",
            "operatingExpenses": "1788000000",
            "investmentIncomeNet": "11000000",
            "netInterestIncome": "-41000000",
            "interestIncome": "22000000",
            "interestExpense": "41000000",
            "nonInterestIncome": "2616000000",
            "otherNonOperatingIncome": "20000000",
            "depreciation": "176000000",
            "depreciationAndAmortization": "52000000",
            "incomeBeforeTax": "-144000000",
            "incomeTaxExpense": "-41000000",
            "interestAndDebtExpense": "41000000",
            "netIncomeFromContinuingOperations": "-100000000",
            "comprehensiveIncomeNetOfTax": "-100000000",
            "ebit": "-103000000",
            "ebitda": "-51000000",
            "netIncome": "-103000000"
        },
        {
            "fiscalDateEnding": "2018-12-31",
            "reportedCurrency": "USD",
            "grossProfit": "2559000000",
            "totalRevenue": "2559000000",
            "costOfRevenue": "476000000",
            "costofGoodsAndServicesSold": "476000000",
            "operatingIncome": "96000000",
            "sellingGeneralAndAdministrative": "1420000000",
            "researchAndDevelopment": "417000000",
            "operatingExpenses": "1555000000",
            "investmentIncomeNet": "10000000",
            "netInterestIncome": "-41000000",
            "interestIncome": "None",
            "interestExpense": "41000000",
            "nonInterestIncome": "2559000000",
            "otherNonOperatingIncome": "-9000000",
            "depreciation": "169000000",
            "depreciationAndAmortization": "68000000",
            "incomeBeforeTax": "48000000",
            "incomeTaxExpense": "31000000",
            "interestAndDebtExpense": "41000000",
            "netIncomeFromContinuingOperations": "96000000",
            "comprehensiveIncomeNetOfTax": "-1000000",
            "ebit": "89000000",
            "ebitda": "157000000",
            "netIncome": "17000000"
        },
        {
            "fiscalDateEnding": "2018-09-30",
            "reportedCurrency": "USD",
            "grossProfit": "2725000000",
            "totalRevenue": "3229000000",
            "costOfRevenue": "504000000",
            "costofGoodsAndServicesSold": "504000000",
            "operatingIncome": "672000000",
            "sellingGeneralAndAdministrative": "1703000000",
            "researchAndDevelopment": "404000000",
            "operatingExpenses": "1774000000",
            "investmentIncomeNet": "34000000",
            "netInterestIncome": "-47000000",
            "interestIncome": "None",
            "interestExpense": "47000000",
            "nonInterestIncome": "3276000000",
            "otherNonOperatingIncome": "-47000000",
            "depreciation": "171000000",
            "depreciationAndAmortization": "71000000",
            "incomeBeforeTax": "606000000",
            "incomeTaxExpense": "81000000",
            "interestAndDebtExpense": "47000000",
            "netIncomeFromContinuingOperations": "531000000",
            "comprehensiveIncomeNetOfTax": "514000000",
            "ebit": "653000000",
            "ebitda": "724000000",
            "netIncome": "525000000"
        },
        {
            "fiscalDateEnding": "2018-06-30",
            "reportedCurrency": "USD",
            "grossProfit": "2331000000",
            "totalRevenue": "2829000000",
            "costOfRevenue": "498000000",
            "costofGoodsAndServicesSold": "498000000",
            "operatingIncome": "111000000",
            "sellingGeneralAndAdministrative": "1737000000",
            "researchAndDevelopment": "400000000",
            "operatingExpenses": "1870000000",
            "investmentIncomeNet": "16000000",
            "netInterestIncome": "-51000000",
            "interestIncome": "None",
            "interestExpense": "51000000",
            "nonInterestIncome": "2880000000",
            "otherNonOperatingIncome": "-90000000",
            "depreciation": "169000000",
            "depreciationAndAmortization": "72000000",
            "incomeBeforeTax": "-4000000",
            "incomeTaxExpense": "-5000000",
            "interestAndDebtExpense": "51000000",
            "netIncomeFromContinuingOperations": "-9000000",
            "comprehensiveIncomeNetOfTax": "-65000000",
            "ebit": "47000000",
            "ebitda": "119000000",
            "netIncome": "1000000"
        },
        {
            "fiscalDateEnding": "2018-03-31",
            "reportedCurrency": "USD",
            "grossProfit": "4486000000",
            "totalRevenue": "4973000000",
            "costOfRevenue": "487000000",
            "costofGoodsAndServicesSold": "487000000",
            "operatingIncome": "-165000000",
            "sellingGeneralAndAdministrative": "1715000000",
            "researchAndDevelopment": "396000000",
            "operatingExpenses": "1787000000",
            "investmentIncomeNet": "11000000",
            "netInterestIncome": "-51000000",
            "interestIncome": "None",
            "interestExpense": "51000000",
            "nonInterestIncome": "2516000000",
            "otherNonOperatingIncome": "36000000",
            "depreciation": "167000000",
            "depreciationAndAmortization": "72000000",
            "incomeBeforeTax": "-157000000",
            "incomeTaxExpense": "-20000000",
            "interestAndDebtExpense": "51000000",
            "netIncomeFromContinuingOperations": "-149000000",
            "comprehensiveIncomeNetOfTax": "-110000000",
            "ebit": "-106000000",
            "ebitda": "-34000000",
            "netIncome": "-137000000"
        }
    ]
}