{
    "symbol": "HRL",
    "annualReports": [
        {
            "fiscalDateEnding": "2022-10-30",
            "reportedCurrency": "USD",
            "grossProfit": "2164686000",
            "totalRevenue": "12389596000",
            "costOfRevenue": "11200624000",
            "costofGoodsAndServicesSold": "10294120000",
            "operatingIncome": "1312607000",
            "sellingGeneralAndAdministrative": "879265000",
            "researchAndDevelopment": "34700000",
            "operatingExpenses": "947899000",
            "investmentIncomeNet": "28012000",
            "netInterestIncome": "-62515000",
            "interestIncome": "34503000",
            "interestExpense": "62515000",
            "nonInterestIncome": "12452111000",
            "otherNonOperatingIncome": "28012000",
            "depreciation": "213026000",
            "depreciationAndAmortization": "27239000",
            "incomeBeforeTax": "1277864000",
            "incomeTaxExpense": "277877000",
            "interestAndDebtExpense": "62515000",
            "netIncomeFromContinuingOperations": "1000226000",
            "comprehensiveIncomeNetOfTax": "1021695000",
            "ebit": "1340379000",
            "ebitda": "1367618000",
            "netIncome": "999987000"
        },
        {
            "fiscalDateEnding": "2021-10-31",
            "reportedCurrency": "USD",
            "grossProfit": "1927906000",
            "totalRevenue": "11339151000",
            "costOfRevenue": "10336976000",
            "costofGoodsAndServicesSold": "9458283000",
            "operatingIncome": "1122599000",
            "sellingGeneralAndAdministrative": "853071000",
            "researchAndDevelopment": "33600000",
            "operatingExpenses": "916024000",
            "investmentIncomeNet": "46878000",
            "netInterestIncome": "-43307000",
            "interestIncome": "3571000",
            "interestExpense": "43307000",
            "nonInterestIncome": "11382458000",
            "otherNonOperatingIncome": "46878000",
            "depreciation": "183772000",
            "depreciationAndAmortization": "25622000",
            "incomeBeforeTax": "1125868000",
            "incomeTaxExpense": "217029000",
            "interestAndDebtExpense": "43307000",
            "netIncomeFromContinuingOperations": "909141000",
            "comprehensiveIncomeNetOfTax": "1026820000",
            "ebit": "1169175000",
            "ebitda": "1194797000",
            "netIncome": "908839000"
        },
        {
            "fiscalDateEnding": "2020-10-25",
            "reportedCurrency": "USD",
            "grossProfit": "1825963000",
            "totalRevenue": "9585600000",
            "costOfRevenue": "8566049000",
            "costofGoodsAndServicesSold": "7782498000",
            "operatingIncome": "1100220000",
            "sellingGeneralAndAdministrative": "761315000",
            "researchAndDevelopment": "31900000",
            "operatingExpenses": "817244000",
            "investmentIncomeNet": "35596000",
            "netInterestIncome": "-21069000",
            "interestIncome": "14527000",
            "interestExpense": "21069000",
            "nonInterestIncome": "9606669000",
            "otherNonOperatingIncome": "35596000",
            "depreciation": "165716000",
            "depreciationAndAmortization": "22236000",
            "incomeBeforeTax": "1114475000",
            "incomeTaxExpense": "206393000",
            "interestAndDebtExpense": "21069000",
            "netIncomeFromContinuingOperations": "908354000",
            "comprehensiveIncomeNetOfTax": "912332000",
            "ebit": "1135544000",
            "ebitda": "1157780000",
            "netIncome": "908082000"
        },
        {
            "fiscalDateEnding": "2019-10-27",
            "reportedCurrency": "USD",
            "grossProfit": "1884648000",
            "totalRevenue": "9496527000",
            "costOfRevenue": "8351853000",
            "costofGoodsAndServicesSold": "7612669000",
            "operatingIncome": "1196265000",
            "sellingGeneralAndAdministrative": "727584000",
            "researchAndDevelopment": "32500000",
            "operatingExpenses": "754404000",
            "investmentIncomeNet": "None",
            "netInterestIncome": "-18070000",
            "interestIncome": "13450000",
            "interestExpense": "18070000",
            "nonInterestIncome": "9514597000",
            "otherNonOperatingIncome": "31520000",
            "depreciation": "153182000",
            "depreciationAndAmortization": "11600000",
            "incomeBeforeTax": "1209373000",
            "incomeTaxExpense": "230567000",
            "interestAndDebtExpense": "18070000",
            "netIncomeFromContinuingOperations": "979148000",
            "comprehensiveIncomeNetOfTax": "876603000",
            "ebit": "1227443000",
            "ebitda": "1239043000",
            "netIncome": "978806000"
        },
        {
            "fiscalDateEnding": "2018-10-28",
            "reportedCurrency": "USD",
            "grossProfit": "1979473000",
            "totalRevenue": "9522073000",
            "costOfRevenue": "8418404000",
            "costofGoodsAndServicesSold": "7566227000",
            "operatingIncome": "1179961000",
            "sellingGeneralAndAdministrative": "841205000",
            "researchAndDevelopment": "33800000",
            "operatingExpenses": "899070000",
            "investmentIncomeNet": "None",
            "netInterestIncome": "-26494000",
            "interestIncome": "1323000",
            "interestExpense": "26494000",
            "nonInterestIncome": "9548567000",
            "otherNonOperatingIncome": "8857000",
            "depreciation": "149205000",
            "depreciationAndAmortization": "12653000",
            "incomeBeforeTax": "1180842000",
            "incomeTaxExpense": "168702000",
            "interestAndDebtExpense": "26494000",
            "netIncomeFromContinuingOperations": "1012582000",
            "comprehensiveIncomeNetOfTax": "1016717000",
            "ebit": "1207336000",
            "ebitda": "1219989000",
            "netIncome": "1012140000"
        }
    ],
    "quarterlyReports": [
        {
            "fiscalDateEnding": "2022-10-30",
            "reportedCurrency": "USD",
            "grossProfit": "566417000",
            "totalRevenue": "3264276000",
            "costOfRevenue": "2936285000",
            "costofGoodsAndServicesSold": "2717058000",
            "operatingIncome": "367164000",
            "sellingGeneralAndAdministrative": "206488000",
            "researchAndDevelopment": "None",
            "operatingExpenses": "255524000",
            "investmentIncomeNet": "7934000",
            "netInterestIncome": "-17602000",
            "interestIncome": "9669000",
            "interestExpense": "17602000",
            "nonInterestIncome": "3281878000",
            "otherNonOperatingIncome": "7933000",
            "depreciation": "None",
            "depreciationAndAmortization": "12739000",
            "incomeBeforeTax": "357368000",
            "incomeTaxExpense": "77484000",
            "interestAndDebtExpense": "17602000",
            "netIncomeFromContinuingOperations": "280011000",
            "comprehensiveIncomeNetOfTax": "306897000",
            "ebit": "374970000",
            "ebitda": "387709000",
            "netIncome": "279884000"
        },
        {
            "fiscalDateEnding": "2022-07-31",
            "reportedCurrency": "USD",
            "grossProfit": "506049000",
            "totalRevenue": "3018799000",
            "costOfRevenue": "2755311000",
            "costofGoodsAndServicesSold": "2528364000",
            "operatingIncome": "291040000",
            "sellingGeneralAndAdministrative": "222147000",
            "researchAndDevelopment": "None",
            "operatingExpenses": "226947000",
            "investmentIncomeNet": "14411000",
            "netInterestIncome": "-15615000",
            "interestIncome": "14411000",
            "interestExpense": "15615000",
            "nonInterestIncome": "3034414000",
            "otherNonOperatingIncome": "14411000",
            "depreciation": "None",
            "depreciationAndAmortization": "4800000",
            "incomeBeforeTax": "289925000",
            "incomeTaxExpense": "71010000",
            "interestAndDebtExpense": "15615000",
            "netIncomeFromContinuingOperations": "218826000",
            "comprehensiveIncomeNetOfTax": "157505000",
            "ebit": "305540000",
            "ebitda": "310340000",
            "netIncome": "218915000"
        },
        {
            "fiscalDateEnding": "2022-05-01",
            "reportedCurrency": "USD",
            "grossProfit": "553471000",
            "totalRevenue": "3096559000",
            "costOfRevenue": "2543088000",
            "costofGoodsAndServicesSold": "2543088000",
            "operatingIncome": "334728000",
            "sellingGeneralAndAdministrative": "224659000",
            "researchAndDevelopment": "None",
            "operatingExpenses": "224659000",
            "investmentIncomeNet": "1799000",
            "netInterestIncome": "-12859000",
            "interestIncome": "1799000",
            "interestExpense": "14658000",
            "nonInterestIncome": "None",
            "otherNonOperatingIncome": "1799000",
            "depreciation": "None",
            "depreciationAndAmortization": "62156000",
            "incomeBeforeTax": "321806000",
            "incomeTaxExpense": "60189000",
            "interestAndDebtExpense": "None",
            "netIncomeFromContinuingOperations": "261679000",
            "comprehensiveIncomeNetOfTax": "305977000",
            "ebit": "336464000",
            "ebitda": "341364000",
            "netIncome": "261617000"
        },
        {
            "fiscalDateEnding": "2022-01-30",
            "reportedCurrency": "USD",
            "grossProfit": "538749000",
            "totalRevenue": "3028125000",
            "costOfRevenue": "2736382000",
            "costofGoodsAndServicesSold": "2505610000",
            "operatingIncome": "319675000",
            "sellingGeneralAndAdministrative": "225972000",
            "researchAndDevelopment": "None",
            "operatingExpenses": "232365000",
            "investmentIncomeNet": "3869000",
            "netInterestIncome": "-14640000",
            "interestIncome": "10771000",
            "interestExpense": "14640000",
            "nonInterestIncome": "3042765000",
            "otherNonOperatingIncome": "3869000",
            "depreciation": "52406000",
            "depreciationAndAmortization": "4800000",
            "incomeBeforeTax": "308765000",
            "incomeTaxExpense": "69194000",
            "interestAndDebtExpense": "14640000",
            "netIncomeFromContinuingOperations": "239710000",
            "comprehensiveIncomeNetOfTax": "251316000",
            "ebit": "323405000",
            "ebitda": "328205000",
            "netIncome": "239571000"
        },
        {
            "fiscalDateEnding": "2021-10-31",
            "reportedCurrency": "USD",
            "grossProfit": "578081000",
            "totalRevenue": "3437027000",
            "costOfRevenue": "3120433000",
            "costofGoodsAndServicesSold": "2876670000",
            "operatingIncome": "357682000",
            "sellingGeneralAndAdministrative": "230441000",
            "researchAndDevelopment": "None",
            "operatingExpenses": "279498000",
            "investmentIncomeNet": "10138000",
            "netInterestIncome": "-15589000",
            "interestIncome": "5451000",
            "interestExpense": "15589000",
            "nonInterestIncome": "3452616000",
            "otherNonOperatingIncome": "10138000",
            "depreciation": "53136000",
            "depreciationAndAmortization": "13322000",
            "incomeBeforeTax": "352218000",
            "incomeTaxExpense": "70480000",
            "interestAndDebtExpense": "15589000",
            "netIncomeFromContinuingOperations": "281750000",
            "comprehensiveIncomeNetOfTax": "321998000",
            "ebit": "367807000",
            "ebitda": "381129000",
            "netIncome": "281738000"
        },
        {
            "fiscalDateEnding": "2021-07-25",
            "reportedCurrency": "USD",
            "grossProfit": "423348000",
            "totalRevenue": "2851967000",
            "costOfRevenue": "2671006000",
            "costofGoodsAndServicesSold": "2440322000",
            "operatingIncome": "207484000",
            "sellingGeneralAndAdministrative": "226284000",
            "researchAndDevelopment": "None",
            "operatingExpenses": "230684000",
            "investmentIncomeNet": "8457000",
            "netInterestIncome": "-11703000",
            "interestIncome": "8457000",
            "interestExpense": "11703000",
            "nonInterestIncome": "2863670000",
            "otherNonOperatingIncome": "8457000",
            "depreciation": "47232000",
            "depreciationAndAmortization": "4400000",
            "incomeBeforeTax": "204081000",
            "incomeTaxExpense": "27164000",
            "interestAndDebtExpense": "11703000",
            "netIncomeFromContinuingOperations": "177074000",
            "comprehensiveIncomeNetOfTax": "185017000",
            "ebit": "215784000",
            "ebitda": "220184000",
            "netIncome": "176917000"
        },
        {
            "fiscalDateEnding": "2021-04-25",
            "reportedCurrency": "USD",
            "grossProfit": "476307000",
            "totalRevenue": "2598833000",
            "costOfRevenue": "2334280000",
            "costofGoodsAndServicesSold": "2130314000",
            "operatingIncome": "289415000",
            "sellingGeneralAndAdministrative": "199966000",
            "researchAndDevelopment": "None",
            "operatingExpenses": "203966000",
            "investmentIncomeNet": "10992000",
            "netInterestIncome": "-7788000",
            "interestIncome": "10992000",
            "interestExpense": "7788000",
            "nonInterestIncome": "2606621000",
            "otherNonOperatingIncome": "10992000",
            "depreciation": "42009000",
            "depreciationAndAmortization": "4000000",
            "incomeBeforeTax": "292600000",
            "incomeTaxExpense": "64699000",
            "interestAndDebtExpense": "7788000",
            "netIncomeFromContinuingOperations": "227921000",
            "comprehensiveIncomeNetOfTax": "263140000",
            "ebit": "300388000",
            "ebitda": "304388000",
            "netIncome": "227901000"
        },
        {
            "fiscalDateEnding": "2021-01-24",
            "reportedCurrency": "USD",
            "grossProfit": "450170000",
            "totalRevenue": "2451532000",
            "costOfRevenue": "2211357000",
            "costofGoodsAndServicesSold": "2010977000",
            "operatingIncome": "268018000",
            "sellingGeneralAndAdministrative": "196380000",
            "researchAndDevelopment": "None",
            "operatingExpenses": "201768000",
            "investmentIncomeNet": "17291000",
            "netInterestIncome": "-8227000",
            "interestIncome": "9064000",
            "interestExpense": "8227000",
            "nonInterestIncome": "2459759000",
            "otherNonOperatingIncome": "17291000",
            "depreciation": "41395000",
            "depreciationAndAmortization": "4000000",
            "incomeBeforeTax": "276970000",
            "incomeTaxExpense": "54687000",
            "interestAndDebtExpense": "8227000",
            "netIncomeFromContinuingOperations": "222395000",
            "comprehensiveIncomeNetOfTax": "256664000",
            "ebit": "285197000",
            "ebitda": "289197000",
            "netIncome": "222283000"
        },
        {
            "fiscalDateEnding": "2020-10-25",
            "reportedCurrency": "USD",
            "grossProfit": "457765000",
            "totalRevenue": "2420105000",
            "costOfRevenue": "2159073000",
            "costofGoodsAndServicesSold": "1962340000",
            "operatingIncome": "276697000",
            "sellingGeneralAndAdministrative": "190797000",
            "researchAndDevelopment": "None",
            "operatingExpenses": "229795000",
            "investmentIncomeNet": "None",
            "netInterestIncome": "-8271000",
            "interestIncome": "2036000",
            "interestExpense": "8271000",
            "nonInterestIncome": "2420105000",
            "otherNonOperatingIncome": "10306000",
            "depreciation": "43022000",
            "depreciationAndAmortization": "5936000",
            "incomeBeforeTax": "278563000",
            "incomeTaxExpense": "44207000",
            "interestAndDebtExpense": "8271000",
            "netIncomeFromContinuingOperations": "457765000",
            "comprehensiveIncomeNetOfTax": "270988000",
            "ebit": "286834000",
            "ebitda": "292770000",
            "netIncome": "234356000"
        },
        {
            "fiscalDateEnding": "2020-07-26",
            "reportedCurrency": "USD",
            "grossProfit": "422426000",
            "totalRevenue": "2375733000",
            "costOfRevenue": "2146217000",
            "costofGoodsAndServicesSold": "1959032000",
            "operatingIncome": "249576000",
            "sellingGeneralAndAdministrative": "181085000",
            "researchAndDevelopment": "None",
            "operatingExpenses": "187185000",
            "investmentIncomeNet": "None",
            "netInterestIncome": "-5724000",
            "interestIncome": "9789000",
            "interestExpense": "5724000",
            "nonInterestIncome": "2381457000",
            "otherNonOperatingIncome": "15513000",
            "depreciation": "40162000",
            "depreciationAndAmortization": "6100000",
            "incomeBeforeTax": "259222000",
            "incomeTaxExpense": "56103000",
            "interestAndDebtExpense": "5724000",
            "netIncomeFromContinuingOperations": "203261000",
            "comprehensiveIncomeNetOfTax": "219145000",
            "ebit": "264946000",
            "ebitda": "271046000",
            "netIncome": "203119000"
        },
        {
            "fiscalDateEnding": "2020-04-26",
            "reportedCurrency": "USD",
            "grossProfit": "477352000",
            "totalRevenue": "2418968000",
            "costOfRevenue": "2144426000",
            "costofGoodsAndServicesSold": "1945113000",
            "operatingIncome": "293460000",
            "sellingGeneralAndAdministrative": "193912000",
            "researchAndDevelopment": "None",
            "operatingExpenses": "199313000",
            "investmentIncomeNet": "None",
            "netInterestIncome": "-3497000",
            "interestIncome": "6971000",
            "interestExpense": "3497000",
            "nonInterestIncome": "2422465000",
            "otherNonOperatingIncome": "-3474000",
            "depreciation": "41338000",
            "depreciationAndAmortization": "5401000",
            "incomeBeforeTax": "286607000",
            "incomeTaxExpense": "58873000",
            "interestAndDebtExpense": "3497000",
            "netIncomeFromContinuingOperations": "227616000",
            "comprehensiveIncomeNetOfTax": "173105000",
            "ebit": "290104000",
            "ebitda": "295505000",
            "netIncome": "227734000"
        },
        {
            "fiscalDateEnding": "2020-01-26",
            "reportedCurrency": "USD",
            "grossProfit": "468421000",
            "totalRevenue": "2380880000",
            "costOfRevenue": "2116234000",
            "costofGoodsAndServicesSold": "1916014000",
            "operatingIncome": "280488000",
            "sellingGeneralAndAdministrative": "195521000",
            "researchAndDevelopment": "None",
            "operatingExpenses": "200197000",
            "investmentIncomeNet": "None",
            "netInterestIncome": "-3577000",
            "interestIncome": "13251000",
            "interestExpense": "3577000",
            "nonInterestIncome": "2384457000",
            "otherNonOperatingIncome": "13251000",
            "depreciation": "41194000",
            "depreciationAndAmortization": "4699000",
            "incomeBeforeTax": "290081000",
            "incomeTaxExpense": "47209000",
            "interestAndDebtExpense": "3577000",
            "netIncomeFromContinuingOperations": "242953000",
            "comprehensiveIncomeNetOfTax": "249094000",
            "ebit": "293658000",
            "ebitda": "298357000",
            "netIncome": "242872000"
        },
        {
            "fiscalDateEnding": "2019-10-27",
            "reportedCurrency": "USD",
            "grossProfit": "493723000",
            "totalRevenue": "2501513000",
            "costOfRevenue": "2194248000",
            "costofGoodsAndServicesSold": "2007790000",
            "operatingIncome": "320996000",
            "sellingGeneralAndAdministrative": "183795000",
            "researchAndDevelopment": "32500000",
            "operatingExpenses": "219193000",
            "investmentIncomeNet": "None",
            "netInterestIncome": "-3095000",
            "interestIncome": "5793000",
            "interestExpense": "3095000",
            "nonInterestIncome": "2501513000",
            "otherNonOperatingIncome": "5793000",
            "depreciation": "39904000",
            "depreciationAndAmortization": "2663000",
            "incomeBeforeTax": "323631000",
            "incomeTaxExpense": "68128000",
            "interestAndDebtExpense": "3095000",
            "netIncomeFromContinuingOperations": "493723000",
            "comprehensiveIncomeNetOfTax": "131198000",
            "ebit": "326726000",
            "ebitda": "329389000",
            "netIncome": "255503000"
        },
        {
            "fiscalDateEnding": "2019-07-28",
            "reportedCurrency": "USD",
            "grossProfit": "433442000",
            "totalRevenue": "2287492000",
            "costOfRevenue": "2040032000",
            "costofGoodsAndServicesSold": "1857263000",
            "operatingIncome": "256657000",
            "sellingGeneralAndAdministrative": "180169000",
            "researchAndDevelopment": "32500000",
            "operatingExpenses": "182769000",
            "investmentIncomeNet": "None",
            "netInterestIncome": "-3213000",
            "interestIncome": "7556000",
            "interestExpense": "3213000",
            "nonInterestIncome": "2290705000",
            "otherNonOperatingIncome": "7556000",
            "depreciation": "38820000",
            "depreciationAndAmortization": "2600000",
            "incomeBeforeTax": "261022000",
            "incomeTaxExpense": "61573000",
            "interestAndDebtExpense": "3213000",
            "netIncomeFromContinuingOperations": "199427000",
            "comprehensiveIncomeNetOfTax": "202389000",
            "ebit": "264235000",
            "ebitda": "266835000",
            "netIncome": "199449000"
        },
        {
            "fiscalDateEnding": "2019-04-28",
            "reportedCurrency": "USD",
            "grossProfit": "469149000",
            "totalRevenue": "2339129000",
            "costOfRevenue": "2048771000",
            "costofGoodsAndServicesSold": "1875595000",
            "operatingIncome": "312364000",
            "sellingGeneralAndAdministrative": "170076000",
            "researchAndDevelopment": "32500000",
            "operatingExpenses": "173176000",
            "investmentIncomeNet": "None",
            "netInterestIncome": "-5615000",
            "interestIncome": "11297000",
            "interestExpense": "5615000",
            "nonInterestIncome": "2344744000",
            "otherNonOperatingIncome": "11297000",
            "depreciation": "37610000",
            "depreciationAndAmortization": "3100000",
            "incomeBeforeTax": "317839000",
            "incomeTaxExpense": "35410000",
            "interestAndDebtExpense": "5615000",
            "netIncomeFromContinuingOperations": "282636000",
            "comprehensiveIncomeNetOfTax": "296636000",
            "ebit": "323454000",
            "ebitda": "326554000",
            "netIncome": "282429000"
        },
        {
            "fiscalDateEnding": "2019-01-27",
            "reportedCurrency": "USD",
            "grossProfit": "488334000",
            "totalRevenue": "2353758000",
            "costOfRevenue": "2068765000",
            "costofGoodsAndServicesSold": "1872021000",
            "operatingIncome": "306248000",
            "sellingGeneralAndAdministrative": "193544000",
            "researchAndDevelopment": "32500000",
            "operatingExpenses": "197194000",
            "investmentIncomeNet": "None",
            "netInterestIncome": "-6147000",
            "interestIncome": "None",
            "interestExpense": "6147000",
            "nonInterestIncome": "2359905000",
            "otherNonOperatingIncome": "6874000",
            "depreciation": "36848000",
            "depreciationAndAmortization": "3200000",
            "incomeBeforeTax": "306881000",
            "incomeTaxExpense": "65456000",
            "interestAndDebtExpense": "6147000",
            "netIncomeFromContinuingOperations": "241519000",
            "comprehensiveIncomeNetOfTax": "246380000",
            "ebit": "313028000",
            "ebitda": "316228000",
            "netIncome": "241425000"
        },
        {
            "fiscalDateEnding": "2018-10-28",
            "reportedCurrency": "USD",
            "grossProfit": "533328000",
            "totalRevenue": "2524697000",
            "costOfRevenue": "2212248000",
            "costofGoodsAndServicesSold": "1991369000",
            "operatingIncome": "319576000",
            "sellingGeneralAndAdministrative": "205287000",
            "researchAndDevelopment": "33800000",
            "operatingExpenses": "257210000",
            "investmentIncomeNet": "None",
            "netInterestIncome": "-6329000",
            "interestIncome": "None",
            "interestExpense": "6329000",
            "nonInterestIncome": "2524697000",
            "otherNonOperatingIncome": "3439000",
            "depreciation": "37619000",
            "depreciationAndAmortization": "3131000",
            "incomeBeforeTax": "321414000",
            "incomeTaxExpense": "60008000",
            "interestAndDebtExpense": "6329000",
            "netIncomeFromContinuingOperations": "537396000",
            "comprehensiveIncomeNetOfTax": "277116000",
            "ebit": "327743000",
            "ebitda": "330874000",
            "netIncome": "261406000"
        },
        {
            "fiscalDateEnding": "2018-07-29",
            "reportedCurrency": "USD",
            "grossProfit": "455046000",
            "totalRevenue": "2350707000",
            "costOfRevenue": "2114017000",
            "costofGoodsAndServicesSold": "1904096000",
            "operatingIncome": "256690000",
            "sellingGeneralAndAdministrative": "211497000",
            "researchAndDevelopment": "33800000",
            "operatingExpenses": "214047000",
            "investmentIncomeNet": "None",
            "netInterestIncome": "-8435000",
            "interestIncome": "None",
            "interestExpense": "8435000",
            "nonInterestIncome": "2359142000",
            "otherNonOperatingIncome": "4601000",
            "depreciation": "37505000",
            "depreciationAndAmortization": "3300000",
            "incomeBeforeTax": "257622000",
            "incomeTaxExpense": "47379000",
            "interestAndDebtExpense": "8435000",
            "netIncomeFromContinuingOperations": "210353000",
            "comprehensiveIncomeNetOfTax": "186788000",
            "ebit": "266057000",
            "ebitda": "269357000",
            "netIncome": "210243000"
        },
        {
            "fiscalDateEnding": "2018-04-29",
            "reportedCurrency": "USD",
            "grossProfit": "492803000",
            "totalRevenue": "2323567000",
            "costOfRevenue": "2040681000",
            "costofGoodsAndServicesSold": "1837765000",
            "operatingIncome": "301740000",
            "sellingGeneralAndAdministrative": "204549000",
            "researchAndDevelopment": "33800000",
            "operatingExpenses": "206799000",
            "investmentIncomeNet": "None",
            "netInterestIncome": "-7001000",
            "interestIncome": "None",
            "interestExpense": "7001000",
            "nonInterestIncome": "2330568000",
            "otherNonOperatingIncome": "-2489000",
            "depreciation": "38214000",
            "depreciationAndAmortization": "3000000",
            "incomeBeforeTax": "296745000",
            "incomeTaxExpense": "59361000",
            "interestAndDebtExpense": "7001000",
            "netIncomeFromContinuingOperations": "237522000",
            "comprehensiveIncomeNetOfTax": "243807000",
            "ebit": "303746000",
            "ebitda": "306746000",
            "netIncome": "237384000"
        },
        {
            "fiscalDateEnding": "2018-01-28",
            "reportedCurrency": "USD",
            "grossProfit": "498296000",
            "totalRevenue": "2327695000",
            "costOfRevenue": "2051492000",
            "costofGoodsAndServicesSold": "1832997000",
            "operatingIncome": "301955000",
            "sellingGeneralAndAdministrative": "219872000",
            "researchAndDevelopment": "None",
            "operatingExpenses": "221247000",
            "investmentIncomeNet": "None",
            "netInterestIncome": "-4729000",
            "interestIncome": "None",
            "interestExpense": "4729000",
            "nonInterestIncome": "1131000",
            "otherNonOperatingIncome": "3306000",
            "depreciation": "35867000",
            "depreciationAndAmortization": "3256000",
            "incomeBeforeTax": "305061000",
            "incomeTaxExpense": "1954000",
            "interestAndDebtExpense": "4729000",
            "netIncomeFromContinuingOperations": "303211000",
            "comprehensiveIncomeNetOfTax": "309006000",
            "ebit": "309790000",
            "ebitda": "313046000",
            "netIncome": "303107000"
        }
    ]
}