{
    "symbol": "JNPR",
    "annualReports": [
        {
            "fiscalDateEnding": "2022-12-31",
            "reportedCurrency": "USD",
            "grossProfit": "2958300000",
            "totalRevenue": "5288400000",
            "costOfRevenue": "3820800000",
            "costofGoodsAndServicesSold": "2342900000",
            "operatingIncome": "519100000",
            "sellingGeneralAndAdministrative": "1382900000",
            "researchAndDevelopment": "1036100000",
            "operatingExpenses": "2439200000",
            "investmentIncomeNet": "19600000",
            "netInterestIncome": "-58600000",
            "interestIncome": "19600000",
            "interestExpense": "58600000",
            "nonInterestIncome": "5347000000",
            "otherNonOperatingIncome": "1600000",
            "depreciation": "137700000",
            "depreciationAndAmortization": "74800000",
            "incomeBeforeTax": "531500000",
            "incomeTaxExpense": "60500000",
            "interestAndDebtExpense": "58600000",
            "netIncomeFromContinuingOperations": "471000000",
            "comprehensiveIncomeNetOfTax": "477300000",
            "ebit": "590100000",
            "ebitda": "664900000",
            "netIncome": "471000000"
        },
        {
            "fiscalDateEnding": "2021-12-31",
            "reportedCurrency": "USD",
            "grossProfit": "2740100000",
            "totalRevenue": "4624000000",
            "costOfRevenue": "3429100000",
            "costofGoodsAndServicesSold": "1995300000",
            "operatingIncome": "387500000",
            "sellingGeneralAndAdministrative": "1302500000",
            "researchAndDevelopment": "1007200000",
            "operatingExpenses": "2352600000",
            "investmentIncomeNet": "14900000",
            "netInterestIncome": "-50800000",
            "interestIncome": "14900000",
            "interestExpense": "50800000",
            "nonInterestIncome": "4674800000",
            "otherNonOperatingIncome": "1500000",
            "depreciation": "151000000",
            "depreciationAndAmortization": "79500000",
            "incomeBeforeTax": "310100000",
            "incomeTaxExpense": "57400000",
            "interestAndDebtExpense": "111400000",
            "netIncomeFromContinuingOperations": "252700000",
            "comprehensiveIncomeNetOfTax": "195000000",
            "ebit": "360900000",
            "ebitda": "440400000",
            "netIncome": "252700000"
        },
        {
            "fiscalDateEnding": "2020-12-31",
            "reportedCurrency": "USD",
            "grossProfit": "2573700000",
            "totalRevenue": "4313100000",
            "costOfRevenue": "3198800000",
            "costofGoodsAndServicesSold": "1871400000",
            "operatingIncome": "353100000",
            "sellingGeneralAndAdministrative": "1194200000",
            "researchAndDevelopment": "958400000",
            "operatingExpenses": "2220600000",
            "investmentIncomeNet": "36300000",
            "netInterestIncome": "-77000000",
            "interestIncome": "36300000",
            "interestExpense": "77000000",
            "nonInterestIncome": "4390100000",
            "otherNonOperatingIncome": "-5500000",
            "depreciation": "166200000",
            "depreciationAndAmortization": "40600000",
            "incomeBeforeTax": "265200000",
            "incomeTaxExpense": "7400000",
            "interestAndDebtExpense": "132000000",
            "netIncomeFromContinuingOperations": "257800000",
            "comprehensiveIncomeNetOfTax": "331900000",
            "ebit": "342200000",
            "ebitda": "382800000",
            "netIncome": "257800000"
        },
        {
            "fiscalDateEnding": "2019-12-31",
            "reportedCurrency": "USD",
            "grossProfit": "2616800000",
            "totalRevenue": "4341400000",
            "costOfRevenue": "3098800000",
            "costofGoodsAndServicesSold": "1828600000",
            "operatingIncome": "442200000",
            "sellingGeneralAndAdministrative": "1183600000",
            "researchAndDevelopment": "955700000",
            "operatingExpenses": "2174600000",
            "investmentIncomeNet": "79100000",
            "netInterestIncome": "-88700000",
            "interestIncome": "79100000",
            "interestExpense": "88700000",
            "nonInterestIncome": "4430100000",
            "otherNonOperatingIncome": "900000",
            "depreciation": "184000000",
            "depreciationAndAmortization": "34700000",
            "incomeBeforeTax": "414400000",
            "incomeTaxExpense": "69400000",
            "interestAndDebtExpense": "104000000",
            "netIncomeFromContinuingOperations": "345000000",
            "comprehensiveIncomeNetOfTax": "344700000",
            "ebit": "503100000",
            "ebitda": "537800000",
            "netIncome": "345000000"
        },
        {
            "fiscalDateEnding": "2018-12-31",
            "reportedCurrency": "USD",
            "grossProfit": "2741200000",
            "totalRevenue": "4544300000",
            "costOfRevenue": "3093900000",
            "costofGoodsAndServicesSold": "1906300000",
            "operatingIncome": "572200000",
            "sellingGeneralAndAdministrative": "1158500000",
            "researchAndDevelopment": "1003200000",
            "operatingExpenses": "2169000000",
            "investmentIncomeNet": "72700000",
            "netInterestIncome": "-103200000",
            "interestIncome": "72700000",
            "interestExpense": "103200000",
            "nonInterestIncome": "4647500000",
            "otherNonOperatingIncome": "-1600000",
            "depreciation": "193200000",
            "depreciationAndAmortization": "17400000",
            "incomeBeforeTax": "532700000",
            "incomeTaxExpense": "-34200000",
            "interestAndDebtExpense": "103200000",
            "netIncomeFromContinuingOperations": "566900000",
            "comprehensiveIncomeNetOfTax": "548400000",
            "ebit": "635900000",
            "ebitda": "653300000",
            "netIncome": "566900000"
        }
    ],
    "quarterlyReports": [
        {
            "fiscalDateEnding": "2022-12-31",
            "reportedCurrency": "USD",
            "grossProfit": "827000000",
            "totalRevenue": "1431300000",
            "costOfRevenue": "1050900000",
            "costofGoodsAndServicesSold": "621800000",
            "operatingIncome": "203500000",
            "sellingGeneralAndAdministrative": "356400000",
            "researchAndDevelopment": "269200000",
            "operatingExpenses": "623500000",
            "investmentIncomeNet": "8200000",
            "netInterestIncome": "-17500000",
            "interestIncome": "8200000",
            "interestExpense": "17500000",
            "nonInterestIncome": "1448800000",
            "otherNonOperatingIncome": "-2400000",
            "depreciation": "None",
            "depreciationAndAmortization": "52300000",
            "incomeBeforeTax": "202800000",
            "incomeTaxExpense": "22400000",
            "interestAndDebtExpense": "17500000",
            "netIncomeFromContinuingOperations": "177800000",
            "comprehensiveIncomeNetOfTax": "237200000",
            "ebit": "220300000",
            "ebitda": "255100000",
            "netIncome": "180400000"
        },
        {
            "fiscalDateEnding": "2022-09-30",
            "reportedCurrency": "USD",
            "grossProfit": "787800000",
            "totalRevenue": "1399400000",
            "costOfRevenue": "991300000",
            "costofGoodsAndServicesSold": "626800000",
            "operatingIncome": "149300000",
            "sellingGeneralAndAdministrative": "351500000",
            "researchAndDevelopment": "274000000",
            "operatingExpenses": "638500000",
            "investmentIncomeNet": "5500000",
            "netInterestIncome": "-15200000",
            "interestIncome": "5500000",
            "interestExpense": "15200000",
            "nonInterestIncome": "1414600000",
            "otherNonOperatingIncome": "1900000",
            "depreciation": "None",
            "depreciationAndAmortization": "53900000",
            "incomeBeforeTax": "138100000",
            "incomeTaxExpense": "16600000",
            "interestAndDebtExpense": "15200000",
            "netIncomeFromContinuingOperations": "123600000",
            "comprehensiveIncomeNetOfTax": "69000000",
            "ebit": "153300000",
            "ebitda": "207200000",
            "netIncome": "121500000"
        },
        {
            "fiscalDateEnding": "2022-06-30",
            "reportedCurrency": "USD",
            "grossProfit": "694100000",
            "totalRevenue": "1302000000",
            "costOfRevenue": "917500000",
            "costofGoodsAndServicesSold": "575500000",
            "operatingIncome": "107800000",
            "sellingGeneralAndAdministrative": "341500000",
            "researchAndDevelopment": "244300000",
            "operatingExpenses": "586300000",
            "investmentIncomeNet": "3300000",
            "netInterestIncome": "-13400000",
            "interestIncome": "3300000",
            "interestExpense": "13400000",
            "nonInterestIncome": "1315400000",
            "otherNonOperatingIncome": "1800000",
            "depreciation": "None",
            "depreciationAndAmortization": "55200000",
            "incomeBeforeTax": "145000000",
            "incomeTaxExpense": "31600000",
            "interestAndDebtExpense": "13400000",
            "netIncomeFromContinuingOperations": "113900000",
            "comprehensiveIncomeNetOfTax": "101600000",
            "ebit": "158400000",
            "ebitda": "213600000",
            "netIncome": "113400000"
        },
        {
            "fiscalDateEnding": "2022-03-31",
            "reportedCurrency": "USD",
            "grossProfit": "649400000",
            "totalRevenue": "1155700000",
            "costOfRevenue": "861100000",
            "costofGoodsAndServicesSold": "518800000",
            "operatingIncome": "58500000",
            "sellingGeneralAndAdministrative": "333500000",
            "researchAndDevelopment": "248600000",
            "operatingExpenses": "590900000",
            "investmentIncomeNet": "2600000",
            "netInterestIncome": "-12500000",
            "interestIncome": "2600000",
            "interestExpense": "12500000",
            "nonInterestIncome": "1168200000",
            "otherNonOperatingIncome": "300000",
            "depreciation": "None",
            "depreciationAndAmortization": "56300000",
            "incomeBeforeTax": "45600000",
            "incomeTaxExpense": "-10100000",
            "interestAndDebtExpense": "12500000",
            "netIncomeFromContinuingOperations": "55700000",
            "comprehensiveIncomeNetOfTax": "69500000",
            "ebit": "58100000",
            "ebitda": "114400000",
            "netIncome": "55700000"
        },
        {
            "fiscalDateEnding": "2021-12-31",
            "reportedCurrency": "USD",
            "grossProfit": "750400000",
            "totalRevenue": "1287600000",
            "costOfRevenue": "920500000",
            "costofGoodsAndServicesSold": "549500000",
            "operatingIncome": "153900000",
            "sellingGeneralAndAdministrative": "341500000",
            "researchAndDevelopment": "254900000",
            "operatingExpenses": "596500000",
            "investmentIncomeNet": "4400000",
            "netInterestIncome": "-12300000",
            "interestIncome": "4400000",
            "interestExpense": "12300000",
            "nonInterestIncome": "1299900000",
            "otherNonOperatingIncome": "1000000",
            "depreciation": "None",
            "depreciationAndAmortization": "20500000",
            "incomeBeforeTax": "161300000",
            "incomeTaxExpense": "28400000",
            "interestAndDebtExpense": "12300000",
            "netIncomeFromContinuingOperations": "132900000",
            "comprehensiveIncomeNetOfTax": "86800000",
            "ebit": "173600000",
            "ebitda": "194100000",
            "netIncome": "132900000"
        },
        {
            "fiscalDateEnding": "2021-09-30",
            "reportedCurrency": "USD",
            "grossProfit": "692200000",
            "totalRevenue": "1176600000",
            "costOfRevenue": "837100000",
            "costofGoodsAndServicesSold": "496600000",
            "operatingIncome": "120100000",
            "sellingGeneralAndAdministrative": "318400000",
            "researchAndDevelopment": "251800000",
            "operatingExpenses": "572100000",
            "investmentIncomeNet": "3000000",
            "netInterestIncome": "-12200000",
            "interestIncome": "3000000",
            "interestExpense": "12200000",
            "nonInterestIncome": "1188800000",
            "otherNonOperatingIncome": "200000",
            "depreciation": "None",
            "depreciationAndAmortization": "20200000",
            "incomeBeforeTax": "111800000",
            "incomeTaxExpense": "22900000",
            "interestAndDebtExpense": "12200000",
            "netIncomeFromContinuingOperations": "88900000",
            "comprehensiveIncomeNetOfTax": "77000000",
            "ebit": "124000000",
            "ebitda": "144200000",
            "netIncome": "88900000"
        },
        {
            "fiscalDateEnding": "2021-06-30",
            "reportedCurrency": "USD",
            "grossProfit": "681900000",
            "totalRevenue": "1159700000",
            "costOfRevenue": "860600000",
            "costofGoodsAndServicesSold": "490400000",
            "operatingIncome": "85700000",
            "sellingGeneralAndAdministrative": "328800000",
            "researchAndDevelopment": "245800000",
            "operatingExpenses": "596200000",
            "investmentIncomeNet": "3400000",
            "netInterestIncome": "-12600000",
            "interestIncome": "3400000",
            "interestExpense": "12600000",
            "nonInterestIncome": "1172300000",
            "otherNonOperatingIncome": "-500000",
            "depreciation": "None",
            "depreciationAndAmortization": "19800000",
            "incomeBeforeTax": "74800000",
            "incomeTaxExpense": "12800000",
            "interestAndDebtExpense": "12600000",
            "netIncomeFromContinuingOperations": "62000000",
            "comprehensiveIncomeNetOfTax": "36600000",
            "ebit": "87400000",
            "ebitda": "107200000",
            "netIncome": "62000000"
        },
        {
            "fiscalDateEnding": "2021-03-31",
            "reportedCurrency": "USD",
            "grossProfit": "615600000",
            "totalRevenue": "1000100000",
            "costOfRevenue": "810900000",
            "costofGoodsAndServicesSold": "458800000",
            "operatingIncome": "27800000",
            "sellingGeneralAndAdministrative": "313800000",
            "researchAndDevelopment": "254700000",
            "operatingExpenses": "587800000",
            "investmentIncomeNet": "4100000",
            "netInterestIncome": "-13700000",
            "interestIncome": "4100000",
            "interestExpense": "13700000",
            "nonInterestIncome": "1013800000",
            "otherNonOperatingIncome": "800000",
            "depreciation": "None",
            "depreciationAndAmortization": "19000000",
            "incomeBeforeTax": "-37800000",
            "incomeTaxExpense": "-6700000",
            "interestAndDebtExpense": "74300000",
            "netIncomeFromContinuingOperations": "-31100000",
            "comprehensiveIncomeNetOfTax": "-5400000",
            "ebit": "-24100000",
            "ebitda": "-5100000",
            "netIncome": "-31100000"
        },
        {
            "fiscalDateEnding": "2020-12-31",
            "reportedCurrency": "USD",
            "grossProfit": "717000000",
            "totalRevenue": "1222600000",
            "costOfRevenue": "947200000",
            "costofGoodsAndServicesSold": "505600000",
            "operatingIncome": "98100000",
            "sellingGeneralAndAdministrative": "323300000",
            "researchAndDevelopment": "242500000",
            "operatingExpenses": "618900000",
            "investmentIncomeNet": "5900000",
            "netInterestIncome": "-18500000",
            "interestIncome": "5900000",
            "interestExpense": "18500000",
            "nonInterestIncome": "1222600000",
            "otherNonOperatingIncome": "-1900000",
            "depreciation": "None",
            "depreciationAndAmortization": "11900000",
            "incomeBeforeTax": "39200000",
            "incomeTaxExpense": "8400000",
            "interestAndDebtExpense": "73500000",
            "netIncomeFromContinuingOperations": "39200000",
            "comprehensiveIncomeNetOfTax": "71200000",
            "ebit": "57700000",
            "ebitda": "69600000",
            "netIncome": "30800000"
        },
        {
            "fiscalDateEnding": "2020-09-30",
            "reportedCurrency": "USD",
            "grossProfit": "657800000",
            "totalRevenue": "1119100000",
            "costOfRevenue": "770700000",
            "costofGoodsAndServicesSold": "480400000",
            "operatingIncome": "125100000",
            "sellingGeneralAndAdministrative": "289100000",
            "researchAndDevelopment": "242400000",
            "operatingExpenses": "532700000",
            "investmentIncomeNet": "6100000",
            "netInterestIncome": "-19100000",
            "interestIncome": "6100000",
            "interestExpense": "19100000",
            "nonInterestIncome": "1138200000",
            "otherNonOperatingIncome": "-2500000",
            "depreciation": "None",
            "depreciationAndAmortization": "9400000",
            "incomeBeforeTax": "111600000",
            "incomeTaxExpense": "-33800000",
            "interestAndDebtExpense": "19100000",
            "netIncomeFromContinuingOperations": "145400000",
            "comprehensiveIncomeNetOfTax": "183500000",
            "ebit": "130700000",
            "ebitda": "140100000",
            "netIncome": "145400000"
        },
        {
            "fiscalDateEnding": "2020-06-30",
            "reportedCurrency": "USD",
            "grossProfit": "619600000",
            "totalRevenue": "1067000000",
            "costOfRevenue": "754800000",
            "costofGoodsAndServicesSold": "466700000",
            "operatingIncome": "90500000",
            "sellingGeneralAndAdministrative": "283300000",
            "researchAndDevelopment": "241000000",
            "operatingExpenses": "529100000",
            "investmentIncomeNet": "9300000",
            "netInterestIncome": "-19300000",
            "interestIncome": "9300000",
            "interestExpense": "19300000",
            "nonInterestIncome": "1086300000",
            "otherNonOperatingIncome": "-900000",
            "depreciation": "None",
            "depreciationAndAmortization": "9400000",
            "incomeBeforeTax": "86100000",
            "incomeTaxExpense": "24900000",
            "interestAndDebtExpense": "19300000",
            "netIncomeFromContinuingOperations": "61200000",
            "comprehensiveIncomeNetOfTax": "97500000",
            "ebit": "105400000",
            "ebitda": "114800000",
            "netIncome": "61200000"
        },
        {
            "fiscalDateEnding": "2020-03-31",
            "reportedCurrency": "USD",
            "grossProfit": "579300000",
            "totalRevenue": "977900000",
            "costOfRevenue": "726100000",
            "costofGoodsAndServicesSold": "418700000",
            "operatingIncome": "39400000",
            "sellingGeneralAndAdministrative": "298500000",
            "researchAndDevelopment": "232500000",
            "operatingExpenses": "539900000",
            "investmentIncomeNet": "15000000",
            "netInterestIncome": "-20100000",
            "interestIncome": "15000000",
            "interestExpense": "20100000",
            "nonInterestIncome": "998000000",
            "otherNonOperatingIncome": "-200000",
            "depreciation": "None",
            "depreciationAndAmortization": "9900000",
            "incomeBeforeTax": "28300000",
            "incomeTaxExpense": "7900000",
            "interestAndDebtExpense": "20100000",
            "netIncomeFromContinuingOperations": "20400000",
            "comprehensiveIncomeNetOfTax": "-20300000",
            "ebit": "48400000",
            "ebitda": "58300000",
            "netIncome": "20400000"
        },
        {
            "fiscalDateEnding": "2019-12-31",
            "reportedCurrency": "USD",
            "grossProfit": "719300000",
            "totalRevenue": "1208100000",
            "costOfRevenue": "841200000",
            "costofGoodsAndServicesSold": "488800000",
            "operatingIncome": "178600000",
            "sellingGeneralAndAdministrative": "301400000",
            "researchAndDevelopment": "239600000",
            "operatingExpenses": "540700000",
            "investmentIncomeNet": "16100000",
            "netInterestIncome": "-20400000",
            "interestIncome": "16100000",
            "interestExpense": "20400000",
            "nonInterestIncome": "1208100000",
            "otherNonOperatingIncome": "-1100000",
            "depreciation": "None",
            "depreciationAndAmortization": "54800000",
            "incomeBeforeTax": "174000000",
            "incomeTaxExpense": "5600000",
            "interestAndDebtExpense": "20400000",
            "netIncomeFromContinuingOperations": "174000000",
            "comprehensiveIncomeNetOfTax": "176700000",
            "ebit": "194400000",
            "ebitda": "249200000",
            "netIncome": "168400000"
        },
        {
            "fiscalDateEnding": "2019-09-30",
            "reportedCurrency": "USD",
            "grossProfit": "678400000",
            "totalRevenue": "1095700000",
            "costOfRevenue": "750100000",
            "costofGoodsAndServicesSold": "454700000",
            "operatingIncome": "138500000",
            "sellingGeneralAndAdministrative": "296500000",
            "researchAndDevelopment": "244500000",
            "operatingExpenses": "539900000",
            "investmentIncomeNet": "19700000",
            "netInterestIncome": "-22100000",
            "interestIncome": "19700000",
            "interestExpense": "22100000",
            "nonInterestIncome": "1117800000",
            "otherNonOperatingIncome": "700000",
            "depreciation": "None",
            "depreciationAndAmortization": "53800000",
            "incomeBeforeTax": "118100000",
            "incomeTaxExpense": "18800000",
            "interestAndDebtExpense": "37400000",
            "netIncomeFromContinuingOperations": "99300000",
            "comprehensiveIncomeNetOfTax": "83800000",
            "ebit": "140200000",
            "ebitda": "194000000",
            "netIncome": "99300000"
        },
        {
            "fiscalDateEnding": "2019-06-30",
            "reportedCurrency": "USD",
            "grossProfit": "636800000",
            "totalRevenue": "1080500000",
            "costOfRevenue": "776100000",
            "costofGoodsAndServicesSold": "465700000",
            "operatingIncome": "82400000",
            "sellingGeneralAndAdministrative": "289000000",
            "researchAndDevelopment": "244000000",
            "operatingExpenses": "554400000",
            "investmentIncomeNet": "19800000",
            "netInterestIncome": "-22000000",
            "interestIncome": "19800000",
            "interestExpense": "22000000",
            "nonInterestIncome": "1102500000",
            "otherNonOperatingIncome": "400000",
            "depreciation": "None",
            "depreciationAndAmortization": "53000000",
            "incomeBeforeTax": "77800000",
            "incomeTaxExpense": "31600000",
            "interestAndDebtExpense": "22000000",
            "netIncomeFromContinuingOperations": "46200000",
            "comprehensiveIncomeNetOfTax": "45800000",
            "ebit": "99800000",
            "ebitda": "152800000",
            "netIncome": "46200000"
        },
        {
            "fiscalDateEnding": "2019-03-31",
            "reportedCurrency": "USD",
            "grossProfit": "582300000",
            "totalRevenue": "977500000",
            "costOfRevenue": "731400000",
            "costofGoodsAndServicesSold": "419400000",
            "operatingIncome": "42700000",
            "sellingGeneralAndAdministrative": "296700000",
            "researchAndDevelopment": "227600000",
            "operatingExpenses": "539600000",
            "investmentIncomeNet": "23500000",
            "netInterestIncome": "-24200000",
            "interestIncome": "23500000",
            "interestExpense": "24200000",
            "nonInterestIncome": "1001700000",
            "otherNonOperatingIncome": "900000",
            "depreciation": "None",
            "depreciationAndAmortization": "48700000",
            "incomeBeforeTax": "44500000",
            "incomeTaxExpense": "13400000",
            "interestAndDebtExpense": "24200000",
            "netIncomeFromContinuingOperations": "31100000",
            "comprehensiveIncomeNetOfTax": "38400000",
            "ebit": "68700000",
            "ebitda": "117400000",
            "netIncome": "31100000"
        },
        {
            "fiscalDateEnding": "2018-12-31",
            "reportedCurrency": "USD",
            "grossProfit": "710900000",
            "totalRevenue": "1181000000",
            "costOfRevenue": "774800000",
            "costofGoodsAndServicesSold": "470100000",
            "operatingIncome": "196800000",
            "sellingGeneralAndAdministrative": "277900000",
            "researchAndDevelopment": "231200000",
            "operatingExpenses": "514100000",
            "investmentIncomeNet": "22900000",
            "netInterestIncome": "-25500000",
            "interestIncome": "None",
            "interestExpense": "25500000",
            "nonInterestIncome": "1181000000",
            "otherNonOperatingIncome": "-200000",
            "depreciation": "None",
            "depreciationAndAmortization": "51300000",
            "incomeBeforeTax": "188400000",
            "incomeTaxExpense": "-3800000",
            "interestAndDebtExpense": "25500000",
            "netIncomeFromContinuingOperations": "188400000",
            "comprehensiveIncomeNetOfTax": "198500000",
            "ebit": "213900000",
            "ebitda": "265200000",
            "netIncome": "192200000"
        },
        {
            "fiscalDateEnding": "2018-09-30",
            "reportedCurrency": "USD",
            "grossProfit": "711000000",
            "totalRevenue": "1154000000",
            "costOfRevenue": "765900000",
            "costofGoodsAndServicesSold": "468800000",
            "operatingIncome": "160100000",
            "sellingGeneralAndAdministrative": "292700000",
            "researchAndDevelopment": "253800000",
            "operatingExpenses": "550900000",
            "investmentIncomeNet": "18900000",
            "netInterestIncome": "-25800000",
            "interestIncome": "None",
            "interestExpense": "25800000",
            "nonInterestIncome": "1179800000",
            "otherNonOperatingIncome": "700000",
            "depreciation": "None",
            "depreciationAndAmortization": "48300000",
            "incomeBeforeTax": "152000000",
            "incomeTaxExpense": "-71800000",
            "interestAndDebtExpense": "25800000",
            "netIncomeFromContinuingOperations": "223800000",
            "comprehensiveIncomeNetOfTax": "215700000",
            "ebit": "177800000",
            "ebitda": "226100000",
            "netIncome": "223800000"
        },
        {
            "fiscalDateEnding": "2018-06-30",
            "reportedCurrency": "USD",
            "grossProfit": "700900000",
            "totalRevenue": "1178200000",
            "costOfRevenue": "795500000",
            "costofGoodsAndServicesSold": "503200000",
            "operatingIncome": "159800000",
            "sellingGeneralAndAdministrative": "292500000",
            "researchAndDevelopment": "248800000",
            "operatingExpenses": "541100000",
            "investmentIncomeNet": "16000000",
            "netInterestIncome": "-25900000",
            "interestIncome": "None",
            "interestExpense": "25900000",
            "nonInterestIncome": "1204100000",
            "otherNonOperatingIncome": "400000",
            "depreciation": "None",
            "depreciationAndAmortization": "55200000",
            "incomeBeforeTax": "150900000",
            "incomeTaxExpense": "34400000",
            "interestAndDebtExpense": "25900000",
            "netIncomeFromContinuingOperations": "116500000",
            "comprehensiveIncomeNetOfTax": "87600000",
            "ebit": "176800000",
            "ebitda": "232000000",
            "netIncome": "116500000"
        },
        {
            "fiscalDateEnding": "2018-03-31",
            "reportedCurrency": "USD",
            "grossProfit": "618400000",
            "totalRevenue": "1082600000",
            "costOfRevenue": "464200000",
            "costofGoodsAndServicesSold": "464200000",
            "operatingIncome": "55500000",
            "sellingGeneralAndAdministrative": "295400000",
            "researchAndDevelopment": "269400000",
            "operatingExpenses": "562900000",
            "investmentIncomeNet": "14900000",
            "netInterestIncome": "-26000000",
            "interestIncome": "None",
            "interestExpense": "26000000",
            "nonInterestIncome": "1082600000",
            "otherNonOperatingIncome": "-2500000",
            "depreciation": "None",
            "depreciationAndAmortization": "40500000",
            "incomeBeforeTax": "41400000",
            "incomeTaxExpense": "7000000",
            "interestAndDebtExpense": "26000000",
            "netIncomeFromContinuingOperations": "34400000",
            "comprehensiveIncomeNetOfTax": "46600000",
            "ebit": "67400000",
            "ebitda": "107900000",
            "netIncome": "34400000"
        }
    ]
}