{
    "symbol": "K",
    "annualReports": [
        {
            "fiscalDateEnding": "2022-12-31",
            "reportedCurrency": "USD",
            "grossProfit": "1624000000",
            "totalRevenue": "15315000000",
            "costOfRevenue": "13691000000",
            "costofGoodsAndServicesSold": "10700000000",
            "operatingIncome": "1635000000",
            "sellingGeneralAndAdministrative": "2980000000",
            "researchAndDevelopment": "127000000",
            "operatingExpenses": "3122000000",
            "investmentIncomeNet": "None",
            "netInterestIncome": "-218000000",
            "interestIncome": "634000000",
            "interestExpense": "218000000",
            "nonInterestIncome": "None",
            "otherNonOperatingIncome": "-220000000",
            "depreciation": "None",
            "depreciationAndAmortization": "478000000",
            "incomeBeforeTax": "1204000000",
            "incomeTaxExpense": "244000000",
            "interestAndDebtExpense": "218000000",
            "netIncomeFromContinuingOperations": "962000000",
            "comprehensiveIncomeNetOfTax": "973000000",
            "ebit": "1635000000",
            "ebitda": "1900000000",
            "netIncome": "960000000"
        },
        {
            "fiscalDateEnding": "2021-12-31",
            "reportedCurrency": "USD",
            "grossProfit": "1725000000",
            "totalRevenue": "14181000000",
            "costOfRevenue": "12456000000",
            "costofGoodsAndServicesSold": "9621000000",
            "operatingIncome": "1752000000",
            "sellingGeneralAndAdministrative": "2808000000",
            "researchAndDevelopment": "134000000",
            "operatingExpenses": "2968000000",
            "investmentIncomeNet": "None",
            "netInterestIncome": "-223000000",
            "interestIncome": "40000000",
            "interestExpense": "223000000",
            "nonInterestIncome": "None",
            "otherNonOperatingIncome": "437000000",
            "depreciation": "None",
            "depreciationAndAmortization": "467000000",
            "incomeBeforeTax": "1962000000",
            "incomeTaxExpense": "474000000",
            "interestAndDebtExpense": "223000000",
            "netIncomeFromContinuingOperations": "1495000000",
            "comprehensiveIncomeNetOfTax": "1499000000",
            "ebit": "1752000000",
            "ebitda": "2652000000",
            "netIncome": "1488000000"
        },
        {
            "fiscalDateEnding": "2020-12-31",
            "reportedCurrency": "USD",
            "grossProfit": "4727000000",
            "totalRevenue": "13770000000",
            "costOfRevenue": "9043000000",
            "costofGoodsAndServicesSold": "9043000000",
            "operatingIncome": "1761000000",
            "sellingGeneralAndAdministrative": "2966000000",
            "researchAndDevelopment": "135000000",
            "operatingExpenses": "3143000000",
            "investmentIncomeNet": "None",
            "netInterestIncome": "-281000000",
            "interestIncome": "281000000",
            "interestExpense": "281000000",
            "nonInterestIncome": "None",
            "otherNonOperatingIncome": "121000000",
            "depreciation": "None",
            "depreciationAndAmortization": "479000000",
            "incomeBeforeTax": "1574000000",
            "incomeTaxExpense": "323000000",
            "interestAndDebtExpense": "281000000",
            "netIncomeFromContinuingOperations": "1264000000",
            "comprehensiveIncomeNetOfTax": "967000000",
            "ebit": "1761000000",
            "ebitda": "2334000000",
            "netIncome": "1251000000"
        },
        {
            "fiscalDateEnding": "2019-12-31",
            "reportedCurrency": "USD",
            "grossProfit": "4381000000",
            "totalRevenue": "13578000000",
            "costOfRevenue": "9197000000",
            "costofGoodsAndServicesSold": "9197000000",
            "operatingIncome": "1401000000",
            "sellingGeneralAndAdministrative": "2980000000",
            "researchAndDevelopment": "144000000",
            "operatingExpenses": "3273000000",
            "investmentIncomeNet": "None",
            "netInterestIncome": "-284000000",
            "interestIncome": "264000000",
            "interestExpense": "284000000",
            "nonInterestIncome": "None",
            "otherNonOperatingIncome": "188000000",
            "depreciation": "None",
            "depreciationAndAmortization": "27000000",
            "incomeBeforeTax": "1281000000",
            "incomeTaxExpense": "321000000",
            "interestAndDebtExpense": "284000000",
            "netIncomeFromContinuingOperations": "977000000",
            "comprehensiveIncomeNetOfTax": "1034000000",
            "ebit": "1401000000",
            "ebitda": "1592000000",
            "netIncome": "960000000"
        },
        {
            "fiscalDateEnding": "2018-12-31",
            "reportedCurrency": "USD",
            "grossProfit": "4726000000",
            "totalRevenue": "13547000000",
            "costOfRevenue": "8821000000",
            "costofGoodsAndServicesSold": "8821000000",
            "operatingIncome": "1706000000",
            "sellingGeneralAndAdministrative": "3020000000",
            "researchAndDevelopment": "154000000",
            "operatingExpenses": "3344000000",
            "investmentIncomeNet": "None",
            "netInterestIncome": "-287000000",
            "interestIncome": "271000000",
            "interestExpense": "287000000",
            "nonInterestIncome": "200000000",
            "otherNonOperatingIncome": "-90000000",
            "depreciation": "None",
            "depreciationAndAmortization": "23000000",
            "incomeBeforeTax": "1517000000",
            "incomeTaxExpense": "181000000",
            "interestAndDebtExpense": "287000000",
            "netIncomeFromContinuingOperations": "1344000000",
            "comprehensiveIncomeNetOfTax": "1293000000",
            "ebit": "1706000000",
            "ebitda": "1827000000",
            "netIncome": "1336000000"
        }
    ],
    "quarterlyReports": [
        {
            "fiscalDateEnding": "2022-12-31",
            "reportedCurrency": "USD",
            "grossProfit": "1160000000",
            "totalRevenue": "3833000000",
            "costOfRevenue": "2673000000",
            "costofGoodsAndServicesSold": "2673000000",
            "operatingIncome": "335000000",
            "sellingGeneralAndAdministrative": "825000000",
            "researchAndDevelopment": "None",
            "operatingExpenses": "825000000",
            "investmentIncomeNet": "None",
            "netInterestIncome": "-69000000",
            "interestIncome": "529000000",
            "interestExpense": "69000000",
            "nonInterestIncome": "None",
            "otherNonOperatingIncome": "-408000000",
            "depreciation": "None",
            "depreciationAndAmortization": "127000000",
            "incomeBeforeTax": "-137000000",
            "incomeTaxExpense": "-39000000",
            "interestAndDebtExpense": "69000000",
            "netIncomeFromContinuingOperations": "-100000000",
            "comprehensiveIncomeNetOfTax": "-208000000",
            "ebit": "335000000",
            "ebitda": "137000000",
            "netIncome": "-98000000"
        },
        {
            "fiscalDateEnding": "2022-09-30",
            "reportedCurrency": "USD",
            "grossProfit": "1153000000",
            "totalRevenue": "3946000000",
            "costOfRevenue": "2793000000",
            "costofGoodsAndServicesSold": "2793000000",
            "operatingIncome": "368000000",
            "sellingGeneralAndAdministrative": "785000000",
            "researchAndDevelopment": "None",
            "operatingExpenses": "785000000",
            "investmentIncomeNet": "None",
            "netInterestIncome": "-39000000",
            "interestIncome": "39000000",
            "interestExpense": "39000000",
            "nonInterestIncome": "None",
            "otherNonOperatingIncome": "54000000",
            "depreciation": "None",
            "depreciationAndAmortization": "113000000",
            "incomeBeforeTax": "384000000",
            "incomeTaxExpense": "74000000",
            "interestAndDebtExpense": "39000000",
            "netIncomeFromContinuingOperations": "309000000",
            "comprehensiveIncomeNetOfTax": "313000000",
            "ebit": "368000000",
            "ebitda": "536000000",
            "netIncome": "310000000"
        },
        {
            "fiscalDateEnding": "2022-06-30",
            "reportedCurrency": "USD",
            "grossProfit": "1143000000",
            "totalRevenue": "3864000000",
            "costOfRevenue": "2721000000",
            "costofGoodsAndServicesSold": "2721000000",
            "operatingIncome": "415000000",
            "sellingGeneralAndAdministrative": "728000000",
            "researchAndDevelopment": "None",
            "operatingExpenses": "728000000",
            "investmentIncomeNet": "None",
            "netInterestIncome": "-54000000",
            "interestIncome": "54000000",
            "interestExpense": "54000000",
            "nonInterestIncome": "None",
            "otherNonOperatingIncome": "60000000",
            "depreciation": "None",
            "depreciationAndAmortization": "119000000",
            "incomeBeforeTax": "423000000",
            "incomeTaxExpense": "97000000",
            "interestAndDebtExpense": "54000000",
            "netIncomeFromContinuingOperations": "324000000",
            "comprehensiveIncomeNetOfTax": "336000000",
            "ebit": "415000000",
            "ebitda": "596000000",
            "netIncome": "326000000"
        },
        {
            "fiscalDateEnding": "2022-03-31",
            "reportedCurrency": "USD",
            "grossProfit": "1159000000",
            "totalRevenue": "3672000000",
            "costOfRevenue": "2513000000",
            "costofGoodsAndServicesSold": "2513000000",
            "operatingIncome": "517000000",
            "sellingGeneralAndAdministrative": "642000000",
            "researchAndDevelopment": "None",
            "operatingExpenses": "642000000",
            "investmentIncomeNet": "None",
            "netInterestIncome": "-56000000",
            "interestIncome": "54000000",
            "interestExpense": "56000000",
            "nonInterestIncome": "None",
            "otherNonOperatingIncome": "74000000",
            "depreciation": "None",
            "depreciationAndAmortization": "119000000",
            "incomeBeforeTax": "534000000",
            "incomeTaxExpense": "112000000",
            "interestAndDebtExpense": "56000000",
            "netIncomeFromContinuingOperations": "423000000",
            "comprehensiveIncomeNetOfTax": "532000000",
            "ebit": "517000000",
            "ebitda": "709000000",
            "netIncome": "422000000"
        },
        {
            "fiscalDateEnding": "2021-12-31",
            "reportedCurrency": "USD",
            "grossProfit": "302000000",
            "totalRevenue": "3420000000",
            "costOfRevenue": "3118000000",
            "costofGoodsAndServicesSold": "2415000000",
            "operatingIncome": "329000000",
            "sellingGeneralAndAdministrative": "676000000",
            "researchAndDevelopment": "None",
            "operatingExpenses": "836000000",
            "investmentIncomeNet": "None",
            "netInterestIncome": "-51000000",
            "interestIncome": "175000000",
            "interestExpense": "51000000",
            "nonInterestIncome": "None",
            "otherNonOperatingIncome": "282000000",
            "depreciation": "None",
            "depreciationAndAmortization": "121000000",
            "incomeBeforeTax": "562000000",
            "incomeTaxExpense": "129000000",
            "interestAndDebtExpense": "51000000",
            "netIncomeFromContinuingOperations": "434000000",
            "comprehensiveIncomeNetOfTax": "405000000",
            "ebit": "329000000",
            "ebitda": "734000000",
            "netIncome": "433000000"
        },
        {
            "fiscalDateEnding": "2021-09-30",
            "reportedCurrency": "USD",
            "grossProfit": "447000000",
            "totalRevenue": "3622000000",
            "costOfRevenue": "3175000000",
            "costofGoodsAndServicesSold": "2457000000",
            "operatingIncome": "447000000",
            "sellingGeneralAndAdministrative": "718000000",
            "researchAndDevelopment": "None",
            "operatingExpenses": "718000000",
            "investmentIncomeNet": "None",
            "netInterestIncome": "-55000000",
            "interestIncome": "118000000",
            "interestExpense": "55000000",
            "nonInterestIncome": "None",
            "otherNonOperatingIncome": "0",
            "depreciation": "None",
            "depreciationAndAmortization": "114000000",
            "incomeBeforeTax": "399000000",
            "incomeTaxExpense": "92000000",
            "interestAndDebtExpense": "55000000",
            "netIncomeFromContinuingOperations": "305000000",
            "comprehensiveIncomeNetOfTax": "277000000",
            "ebit": "447000000",
            "ebitda": "568000000",
            "netIncome": "307000000"
        },
        {
            "fiscalDateEnding": "2021-06-30",
            "reportedCurrency": "USD",
            "grossProfit": "504000000",
            "totalRevenue": "3555000000",
            "costOfRevenue": "3051000000",
            "costofGoodsAndServicesSold": "2331000000",
            "operatingIncome": "504000000",
            "sellingGeneralAndAdministrative": "720000000",
            "researchAndDevelopment": "None",
            "operatingExpenses": "720000000",
            "investmentIncomeNet": "None",
            "netInterestIncome": "-58000000",
            "interestIncome": "48000000",
            "interestExpense": "58000000",
            "nonInterestIncome": "None",
            "otherNonOperatingIncome": "86000000",
            "depreciation": "None",
            "depreciationAndAmortization": "120000000",
            "incomeBeforeTax": "524000000",
            "incomeTaxExpense": "144000000",
            "interestAndDebtExpense": "58000000",
            "netIncomeFromContinuingOperations": "385000000",
            "comprehensiveIncomeNetOfTax": "382000000",
            "ebit": "504000000",
            "ebitda": "702000000",
            "netIncome": "380000000"
        },
        {
            "fiscalDateEnding": "2021-03-31",
            "reportedCurrency": "USD",
            "grossProfit": "472000000",
            "totalRevenue": "3584000000",
            "costOfRevenue": "3112000000",
            "costofGoodsAndServicesSold": "2418000000",
            "operatingIncome": "472000000",
            "sellingGeneralAndAdministrative": "694000000",
            "researchAndDevelopment": "None",
            "operatingExpenses": "694000000",
            "investmentIncomeNet": "None",
            "netInterestIncome": "-59000000",
            "interestIncome": "60000000",
            "interestExpense": "59000000",
            "nonInterestIncome": "None",
            "otherNonOperatingIncome": "69000000",
            "depreciation": "None",
            "depreciationAndAmortization": "112000000",
            "incomeBeforeTax": "477000000",
            "incomeTaxExpense": "109000000",
            "interestAndDebtExpense": "59000000",
            "netIncomeFromContinuingOperations": "371000000",
            "comprehensiveIncomeNetOfTax": "435000000",
            "ebit": "472000000",
            "ebitda": "648000000",
            "netIncome": "368000000"
        },
        {
            "fiscalDateEnding": "2020-12-31",
            "reportedCurrency": "USD",
            "grossProfit": "1185000000",
            "totalRevenue": "3464000000",
            "costOfRevenue": "2279000000",
            "costofGoodsAndServicesSold": "2279000000",
            "operatingIncome": "385000000",
            "sellingGeneralAndAdministrative": "800000000",
            "researchAndDevelopment": "None",
            "operatingExpenses": "956000000",
            "investmentIncomeNet": "None",
            "netInterestIncome": "-85000000",
            "interestIncome": "85000000",
            "interestExpense": "85000000",
            "nonInterestIncome": "None",
            "otherNonOperatingIncome": "-30000000",
            "depreciation": "None",
            "depreciationAndAmortization": "124000000",
            "incomeBeforeTax": "260000000",
            "incomeTaxExpense": "55000000",
            "interestAndDebtExpense": "85000000",
            "netIncomeFromContinuingOperations": "208000000",
            "comprehensiveIncomeNetOfTax": "230000000",
            "ebit": "385000000",
            "ebitda": "469000000",
            "netIncome": "205000000"
        },
        {
            "fiscalDateEnding": "2020-09-30",
            "reportedCurrency": "USD",
            "grossProfit": "1201000000",
            "totalRevenue": "3429000000",
            "costOfRevenue": "2228000000",
            "costofGoodsAndServicesSold": "2228000000",
            "operatingIncome": "411000000",
            "sellingGeneralAndAdministrative": "790000000",
            "researchAndDevelopment": "None",
            "operatingExpenses": "790000000",
            "investmentIncomeNet": "None",
            "netInterestIncome": "-63000000",
            "interestIncome": "63000000",
            "interestExpense": "63000000",
            "nonInterestIncome": "None",
            "otherNonOperatingIncome": "70000000",
            "depreciation": "None",
            "depreciationAndAmortization": "7000000",
            "incomeBeforeTax": "413000000",
            "incomeTaxExpense": "65000000",
            "interestAndDebtExpense": "63000000",
            "netIncomeFromContinuingOperations": "352000000",
            "comprehensiveIncomeNetOfTax": "308000000",
            "ebit": "411000000",
            "ebitda": "483000000",
            "netIncome": "348000000"
        },
        {
            "fiscalDateEnding": "2020-06-30",
            "reportedCurrency": "USD",
            "grossProfit": "1197000000",
            "totalRevenue": "3465000000",
            "costOfRevenue": "2268000000",
            "costofGoodsAndServicesSold": "2268000000",
            "operatingIncome": "506000000",
            "sellingGeneralAndAdministrative": "691000000",
            "researchAndDevelopment": "None",
            "operatingExpenses": "691000000",
            "investmentIncomeNet": "None",
            "netInterestIncome": "-69000000",
            "interestIncome": "69000000",
            "interestExpense": "69000000",
            "nonInterestIncome": "None",
            "otherNonOperatingIncome": "30000000",
            "depreciation": "None",
            "depreciationAndAmortization": "7000000",
            "incomeBeforeTax": "460000000",
            "incomeTaxExpense": "109000000",
            "interestAndDebtExpense": "69000000",
            "netIncomeFromContinuingOperations": "354000000",
            "comprehensiveIncomeNetOfTax": "361000000",
            "ebit": "506000000",
            "ebitda": "536000000",
            "netIncome": "351000000"
        },
        {
            "fiscalDateEnding": "2020-03-31",
            "reportedCurrency": "USD",
            "grossProfit": "1144000000",
            "totalRevenue": "3412000000",
            "costOfRevenue": "2268000000",
            "costofGoodsAndServicesSold": "2268000000",
            "operatingIncome": "459000000",
            "sellingGeneralAndAdministrative": "685000000",
            "researchAndDevelopment": "None",
            "operatingExpenses": "692000000",
            "investmentIncomeNet": "None",
            "netInterestIncome": "-64000000",
            "interestIncome": "55000000",
            "interestExpense": "64000000",
            "nonInterestIncome": "None",
            "otherNonOperatingIncome": "51000000",
            "depreciation": "None",
            "depreciationAndAmortization": "7000000",
            "incomeBeforeTax": "441000000",
            "incomeTaxExpense": "94000000",
            "interestAndDebtExpense": "64000000",
            "netIncomeFromContinuingOperations": "350000000",
            "comprehensiveIncomeNetOfTax": "68000000",
            "ebit": "459000000",
            "ebitda": "512000000",
            "netIncome": "347000000"
        },
        {
            "fiscalDateEnding": "2019-12-31",
            "reportedCurrency": "USD",
            "grossProfit": "1088000000",
            "totalRevenue": "3223000000",
            "costOfRevenue": "2135000000",
            "costofGoodsAndServicesSold": "2135000000",
            "operatingIncome": "360000000",
            "sellingGeneralAndAdministrative": "728000000",
            "researchAndDevelopment": "None",
            "operatingExpenses": "1001000000",
            "investmentIncomeNet": "None",
            "netInterestIncome": "-63000000",
            "interestIncome": "66000000",
            "interestExpense": "63000000",
            "nonInterestIncome": "None",
            "otherNonOperatingIncome": "-59000000",
            "depreciation": "None",
            "depreciationAndAmortization": "7000000",
            "incomeBeforeTax": "229000000",
            "incomeTaxExpense": "84000000",
            "interestAndDebtExpense": "63000000",
            "netIncomeFromContinuingOperations": "1088000000",
            "comprehensiveIncomeNetOfTax": "180000000",
            "ebit": "360000000",
            "ebitda": "299000000",
            "netIncome": "145000000"
        },
        {
            "fiscalDateEnding": "2019-09-30",
            "reportedCurrency": "USD",
            "grossProfit": "1000000000",
            "totalRevenue": "3372000000",
            "costOfRevenue": "2372000000",
            "costofGoodsAndServicesSold": "2372000000",
            "operatingIncome": "263000000",
            "sellingGeneralAndAdministrative": "737000000",
            "researchAndDevelopment": "None",
            "operatingExpenses": "737000000",
            "investmentIncomeNet": "None",
            "netInterestIncome": "-72000000",
            "interestIncome": "72000000",
            "interestExpense": "72000000",
            "nonInterestIncome": "None",
            "otherNonOperatingIncome": "150000000",
            "depreciation": "None",
            "depreciationAndAmortization": "6000000",
            "incomeBeforeTax": "338000000",
            "incomeTaxExpense": "91000000",
            "interestAndDebtExpense": "72000000",
            "netIncomeFromContinuingOperations": "248000000",
            "comprehensiveIncomeNetOfTax": "233000000",
            "ebit": "263000000",
            "ebitda": "416000000",
            "netIncome": "247000000"
        },
        {
            "fiscalDateEnding": "2019-06-30",
            "reportedCurrency": "USD",
            "grossProfit": "1186000000",
            "totalRevenue": "3461000000",
            "costOfRevenue": "2275000000",
            "costofGoodsAndServicesSold": "2275000000",
            "operatingIncome": "397000000",
            "sellingGeneralAndAdministrative": "789000000",
            "researchAndDevelopment": "None",
            "operatingExpenses": "789000000",
            "investmentIncomeNet": "None",
            "netInterestIncome": "-75000000",
            "interestIncome": "75000000",
            "interestExpense": "75000000",
            "nonInterestIncome": "None",
            "otherNonOperatingIncome": "45000000",
            "depreciation": "None",
            "depreciationAndAmortization": "7000000",
            "incomeBeforeTax": "360000000",
            "incomeTaxExpense": "74000000",
            "interestAndDebtExpense": "75000000",
            "netIncomeFromContinuingOperations": "292000000",
            "comprehensiveIncomeNetOfTax": "284000000",
            "ebit": "397000000",
            "ebitda": "442000000",
            "netIncome": "286000000"
        },
        {
            "fiscalDateEnding": "2019-03-31",
            "reportedCurrency": "USD",
            "grossProfit": "1107000000",
            "totalRevenue": "3522000000",
            "costOfRevenue": "2415000000",
            "costofGoodsAndServicesSold": "2415000000",
            "operatingIncome": "381000000",
            "sellingGeneralAndAdministrative": "726000000",
            "researchAndDevelopment": "None",
            "operatingExpenses": "733000000",
            "investmentIncomeNet": "None",
            "netInterestIncome": "-74000000",
            "interestIncome": "None",
            "interestExpense": "74000000",
            "nonInterestIncome": "None",
            "otherNonOperatingIncome": "52000000",
            "depreciation": "None",
            "depreciationAndAmortization": "7000000",
            "incomeBeforeTax": "354000000",
            "incomeTaxExpense": "72000000",
            "interestAndDebtExpense": "74000000",
            "netIncomeFromContinuingOperations": "285000000",
            "comprehensiveIncomeNetOfTax": "337000000",
            "ebit": "381000000",
            "ebitda": "435000000",
            "netIncome": "282000000"
        },
        {
            "fiscalDateEnding": "2018-12-31",
            "reportedCurrency": "USD",
            "grossProfit": "1089000000",
            "totalRevenue": "3317000000",
            "costOfRevenue": "2228000000",
            "costofGoodsAndServicesSold": "2228000000",
            "operatingIncome": "326000000",
            "sellingGeneralAndAdministrative": "763000000",
            "researchAndDevelopment": "154000000",
            "operatingExpenses": "1071000000",
            "investmentIncomeNet": "None",
            "netInterestIncome": "-74000000",
            "interestIncome": "None",
            "interestExpense": "74000000",
            "nonInterestIncome": "-10230000000",
            "otherNonOperatingIncome": "-359000000",
            "depreciation": "None",
            "depreciationAndAmortization": "7000000",
            "incomeBeforeTax": "-109000000",
            "incomeTaxExpense": "-25000000",
            "interestAndDebtExpense": "74000000",
            "netIncomeFromContinuingOperations": "1089000000",
            "comprehensiveIncomeNetOfTax": "-72000000",
            "ebit": "326000000",
            "ebitda": "-28000000",
            "netIncome": "-84000000"
        },
        {
            "fiscalDateEnding": "2018-09-30",
            "reportedCurrency": "USD",
            "grossProfit": "1176000000",
            "totalRevenue": "3469000000",
            "costOfRevenue": "2293000000",
            "costofGoodsAndServicesSold": "2293000000",
            "operatingIncome": "396000000",
            "sellingGeneralAndAdministrative": "780000000",
            "researchAndDevelopment": "None",
            "operatingExpenses": "780000000",
            "investmentIncomeNet": "None",
            "netInterestIncome": "-72000000",
            "interestIncome": "None",
            "interestExpense": "72000000",
            "nonInterestIncome": "3469000000",
            "otherNonOperatingIncome": "130000000",
            "depreciation": "None",
            "depreciationAndAmortization": "7000000",
            "incomeBeforeTax": "449000000",
            "incomeTaxExpense": "69000000",
            "interestAndDebtExpense": "72000000",
            "netIncomeFromContinuingOperations": "383000000",
            "comprehensiveIncomeNetOfTax": "369000000",
            "ebit": "396000000",
            "ebitda": "528000000",
            "netIncome": "380000000"
        },
        {
            "fiscalDateEnding": "2018-06-30",
            "reportedCurrency": "USD",
            "grossProfit": "1209000000",
            "totalRevenue": "3360000000",
            "costOfRevenue": "2151000000",
            "costofGoodsAndServicesSold": "2151000000",
            "operatingIncome": "474000000",
            "sellingGeneralAndAdministrative": "735000000",
            "researchAndDevelopment": "None",
            "operatingExpenses": "735000000",
            "investmentIncomeNet": "None",
            "netInterestIncome": "-72000000",
            "interestIncome": "None",
            "interestExpense": "72000000",
            "nonInterestIncome": "None",
            "otherNonOperatingIncome": "69000000",
            "depreciation": "None",
            "depreciationAndAmortization": "6000000",
            "incomeBeforeTax": "666000000",
            "incomeTaxExpense": "70000000",
            "interestAndDebtExpense": "72000000",
            "netIncomeFromContinuingOperations": "599000000",
            "comprehensiveIncomeNetOfTax": "502000000",
            "ebit": "474000000",
            "ebitda": "744000000",
            "netIncome": "596000000"
        },
        {
            "fiscalDateEnding": "2018-03-31",
            "reportedCurrency": "USD",
            "grossProfit": "1252000000",
            "totalRevenue": "3401000000",
            "costOfRevenue": "2149000000",
            "costofGoodsAndServicesSold": "2149000000",
            "operatingIncome": "510000000",
            "sellingGeneralAndAdministrative": "742000000",
            "researchAndDevelopment": "None",
            "operatingExpenses": "745000000",
            "investmentIncomeNet": "None",
            "netInterestIncome": "-69000000",
            "interestIncome": "None",
            "interestExpense": "69000000",
            "nonInterestIncome": "None",
            "otherNonOperatingIncome": "70000000",
            "depreciation": "None",
            "depreciationAndAmortization": "3000000",
            "incomeBeforeTax": "511000000",
            "incomeTaxExpense": "67000000",
            "interestAndDebtExpense": "69000000",
            "netIncomeFromContinuingOperations": "444000000",
            "comprehensiveIncomeNetOfTax": "494000000",
            "ebit": "510000000",
            "ebitda": "583000000",
            "netIncome": "444000000"
        }
    ]
}