{
    "symbol": "KHC",
    "annualReports": [
        {
            "fiscalDateEnding": "2022-12-31",
            "reportedCurrency": "USD",
            "grossProfit": "8122000000",
            "totalRevenue": "25743000000",
            "costOfRevenue": "24019000000",
            "costofGoodsAndServicesSold": "18363000000",
            "operatingIncome": "3634000000",
            "sellingGeneralAndAdministrative": "4488000000",
            "researchAndDevelopment": "127000000",
            "operatingExpenses": "5893000000",
            "investmentIncomeNet": "27000000",
            "netInterestIncome": "-921000000",
            "interestIncome": "27000000",
            "interestExpense": "921000000",
            "nonInterestIncome": "26654000000",
            "otherNonOperatingIncome": "253000000",
            "depreciation": "672000000",
            "depreciationAndAmortization": "295000000",
            "incomeBeforeTax": "2961000000",
            "incomeTaxExpense": "598000000",
            "interestAndDebtExpense": "883000000",
            "netIncomeFromContinuingOperations": "2368000000",
            "comprehensiveIncomeNetOfTax": "1377000000",
            "ebit": "3882000000",
            "ebitda": "4177000000",
            "netIncome": "2363000000"
        },
        {
            "fiscalDateEnding": "2021-12-31",
            "reportedCurrency": "USD",
            "grossProfit": "8682000000",
            "totalRevenue": "23232000000",
            "costOfRevenue": "24286000000",
            "costofGoodsAndServicesSold": "17360000000",
            "operatingIncome": "3460000000",
            "sellingGeneralAndAdministrative": "5222000000",
            "researchAndDevelopment": "140000000",
            "operatingExpenses": "7236000000",
            "investmentIncomeNet": "15000000",
            "netInterestIncome": "-2047000000",
            "interestIncome": "15000000",
            "interestExpense": "2047000000",
            "nonInterestIncome": "25270000000",
            "otherNonOperatingIncome": "295000000",
            "depreciation": "671000000",
            "depreciationAndAmortization": "273000000",
            "incomeBeforeTax": "1696000000",
            "incomeTaxExpense": "684000000",
            "interestAndDebtExpense": "2964000000",
            "netIncomeFromContinuingOperations": "1024000000",
            "comprehensiveIncomeNetOfTax": "1155000000",
            "ebit": "3743000000",
            "ebitda": "4016000000",
            "netIncome": "1012000000"
        },
        {
            "fiscalDateEnding": "2020-12-31",
            "reportedCurrency": "USD",
            "grossProfit": "9177000000",
            "totalRevenue": "24638000000",
            "costOfRevenue": "27572000000",
            "costofGoodsAndServicesSold": "17008000000",
            "operatingIncome": "2128000000",
            "sellingGeneralAndAdministrative": "7049000000",
            "researchAndDevelopment": "119000000",
            "operatingExpenses": "10886000000",
            "investmentIncomeNet": "27000000",
            "netInterestIncome": "-1394000000",
            "interestIncome": "27000000",
            "interestExpense": "1394000000",
            "nonInterestIncome": "26021000000",
            "otherNonOperatingIncome": "296000000",
            "depreciation": "705000000",
            "depreciationAndAmortization": "295000000",
            "incomeBeforeTax": "1025000000",
            "incomeTaxExpense": "669000000",
            "interestAndDebtExpense": "1394000000",
            "netIncomeFromContinuingOperations": "361000000",
            "comprehensiveIncomeNetOfTax": "275000000",
            "ebit": "2419000000",
            "ebitda": "2714000000",
            "netIncome": "356000000"
        },
        {
            "fiscalDateEnding": "2019-12-31",
            "reportedCurrency": "USD",
            "grossProfit": "8147000000",
            "totalRevenue": "24040000000",
            "costOfRevenue": "23966000000",
            "costofGoodsAndServicesSold": "16830000000",
            "operatingIncome": "3070000000",
            "sellingGeneralAndAdministrative": "5077000000",
            "researchAndDevelopment": "112000000",
            "operatingExpenses": "7000000000",
            "investmentIncomeNet": "36000000",
            "netInterestIncome": "-1361000000",
            "interestIncome": "None",
            "interestExpense": "1361000000",
            "nonInterestIncome": "25387000000",
            "otherNonOperatingIncome": "952000000",
            "depreciation": "708000000",
            "depreciationAndAmortization": "313000000",
            "incomeBeforeTax": "2663000000",
            "incomeTaxExpense": "728000000",
            "interestAndDebtExpense": "1361000000",
            "netIncomeFromContinuingOperations": "1933000000",
            "comprehensiveIncomeNetOfTax": "1856000000",
            "ebit": "4024000000",
            "ebitda": "4337000000",
            "netIncome": "1935000000"
        },
        {
            "fiscalDateEnding": "2018-12-31",
            "reportedCurrency": "USD",
            "grossProfit": "8921000000",
            "totalRevenue": "24969000000",
            "costOfRevenue": "52737000000",
            "costofGoodsAndServicesSold": "17347000000",
            "operatingIncome": "-10205000000",
            "sellingGeneralAndAdministrative": "19126000000",
            "researchAndDevelopment": "109000000",
            "operatingExpenses": "35514000000",
            "investmentIncomeNet": "35000000",
            "netInterestIncome": "-1284000000",
            "interestIncome": "None",
            "interestExpense": "1284000000",
            "nonInterestIncome": "26253000000",
            "otherNonOperatingIncome": "168000000",
            "depreciation": "693000000",
            "depreciationAndAmortization": "290000000",
            "incomeBeforeTax": "-11259000000",
            "incomeTaxExpense": "-1067000000",
            "interestAndDebtExpense": "1284000000",
            "netIncomeFromContinuingOperations": "-10254000000",
            "comprehensiveIncomeNetOfTax": "-11081000000",
            "ebit": "-9975000000",
            "ebitda": "-9685000000",
            "netIncome": "-10192000000"
        }
    ],
    "quarterlyReports": [
        {
            "fiscalDateEnding": "2022-12-31",
            "reportedCurrency": "USD",
            "grossProfit": "2364000000",
            "totalRevenue": "7076000000",
            "costOfRevenue": "6243000000",
            "costofGoodsAndServicesSold": "5017000000",
            "operatingIncome": "1226000000",
            "sellingGeneralAndAdministrative": "1138000000",
            "researchAndDevelopment": "None",
            "operatingExpenses": "1344000000",
            "investmentIncomeNet": "9000000",
            "netInterestIncome": "-217000000",
            "interestIncome": "9000000",
            "interestExpense": "217000000",
            "nonInterestIncome": "7283000000",
            "otherNonOperatingIncome": "42000000",
            "depreciation": "None",
            "depreciationAndAmortization": "102000000",
            "incomeBeforeTax": "1054000000",
            "incomeTaxExpense": "164000000",
            "interestAndDebtExpense": "191000000",
            "netIncomeFromContinuingOperations": "887000000",
            "comprehensiveIncomeNetOfTax": "1084000000",
            "ebit": "1271000000",
            "ebitda": "1373000000",
            "netIncome": "890000000"
        },
        {
            "fiscalDateEnding": "2022-09-30",
            "reportedCurrency": "USD",
            "grossProfit": "1843000000",
            "totalRevenue": "6394000000",
            "costOfRevenue": "6104000000",
            "costofGoodsAndServicesSold": "4662000000",
            "operatingIncome": "751000000",
            "sellingGeneralAndAdministrative": "1092000000",
            "researchAndDevelopment": "None",
            "operatingExpenses": "1470000000",
            "investmentIncomeNet": "7000000",
            "netInterestIncome": "-228000000",
            "interestIncome": "7000000",
            "interestExpense": "228000000",
            "nonInterestIncome": "6622000000",
            "otherNonOperatingIncome": "22000000",
            "depreciation": "None",
            "depreciationAndAmortization": "64000000",
            "incomeBeforeTax": "542000000",
            "incomeTaxExpense": "110000000",
            "interestAndDebtExpense": "228000000",
            "netIncomeFromContinuingOperations": "435000000",
            "comprehensiveIncomeNetOfTax": "-162000000",
            "ebit": "770000000",
            "ebitda": "834000000",
            "netIncome": "432000000"
        },
        {
            "fiscalDateEnding": "2022-06-30",
            "reportedCurrency": "USD",
            "grossProfit": "1984000000",
            "totalRevenue": "6425000000",
            "costOfRevenue": "6661000000",
            "costofGoodsAndServicesSold": "4570000000",
            "operatingIncome": "542000000",
            "sellingGeneralAndAdministrative": "1442000000",
            "researchAndDevelopment": "None",
            "operatingExpenses": "2137000000",
            "investmentIncomeNet": "6000000",
            "netInterestIncome": "-234000000",
            "interestIncome": "6000000",
            "interestExpense": "234000000",
            "nonInterestIncome": "6659000000",
            "otherNonOperatingIncome": "91000000",
            "depreciation": "None",
            "depreciationAndAmortization": "65000000",
            "incomeBeforeTax": "399000000",
            "incomeTaxExpense": "134000000",
            "interestAndDebtExpense": "234000000",
            "netIncomeFromContinuingOperations": "265000000",
            "comprehensiveIncomeNetOfTax": "-333000000",
            "ebit": "633000000",
            "ebitda": "698000000",
            "netIncome": "265000000"
        },
        {
            "fiscalDateEnding": "2022-03-31",
            "reportedCurrency": "USD",
            "grossProfit": "1931000000",
            "totalRevenue": "5834000000",
            "costOfRevenue": "5011000000",
            "costofGoodsAndServicesSold": "4114000000",
            "operatingIncome": "1115000000",
            "sellingGeneralAndAdministrative": "816000000",
            "researchAndDevelopment": "None",
            "operatingExpenses": "944000000",
            "investmentIncomeNet": "5000000",
            "netInterestIncome": "-242000000",
            "interestIncome": "5000000",
            "interestExpense": "242000000",
            "nonInterestIncome": "6076000000",
            "otherNonOperatingIncome": "98000000",
            "depreciation": "None",
            "depreciationAndAmortization": "64000000",
            "incomeBeforeTax": "966000000",
            "incomeTaxExpense": "190000000",
            "interestAndDebtExpense": "242000000",
            "netIncomeFromContinuingOperations": "781000000",
            "comprehensiveIncomeNetOfTax": "788000000",
            "ebit": "1208000000",
            "ebitda": "1272000000",
            "netIncome": "776000000"
        },
        {
            "fiscalDateEnding": "2021-12-31",
            "reportedCurrency": "USD",
            "grossProfit": "2162000000",
            "totalRevenue": "5275000000",
            "costOfRevenue": "1240000000",
            "costofGoodsAndServicesSold": "4547000000",
            "operatingIncome": "-20000000",
            "sellingGeneralAndAdministrative": "2182000000",
            "researchAndDevelopment": "None",
            "operatingExpenses": "1240000000",
            "investmentIncomeNet": "2000000",
            "netInterestIncome": "-604000000",
            "interestIncome": "2000000",
            "interestExpense": "604000000",
            "nonInterestIncome": "5870000000",
            "otherNonOperatingIncome": "104000000",
            "depreciation": "None",
            "depreciationAndAmortization": "93000000",
            "incomeBeforeTax": "-522000000",
            "incomeTaxExpense": "-265000000",
            "interestAndDebtExpense": "1521000000",
            "netIncomeFromContinuingOperations": "-2480000000",
            "comprehensiveIncomeNetOfTax": "-223000000",
            "ebit": "82000000",
            "ebitda": "175000000",
            "netIncome": "-257000000"
        },
        {
            "fiscalDateEnding": "2021-09-30",
            "reportedCurrency": "USD",
            "grossProfit": "2028000000",
            "totalRevenue": "5935000000",
            "costOfRevenue": "5175000000",
            "costofGoodsAndServicesSold": "4296000000",
            "operatingIncome": "1156000000",
            "sellingGeneralAndAdministrative": "872000000",
            "researchAndDevelopment": "None",
            "operatingExpenses": "934000000",
            "investmentIncomeNet": "4000000",
            "netInterestIncome": "-415000000",
            "interestIncome": "4000000",
            "interestExpense": "415000000",
            "nonInterestIncome": "6350000000",
            "otherNonOperatingIncome": "138000000",
            "depreciation": "None",
            "depreciationAndAmortization": "60000000",
            "incomeBeforeTax": "876000000",
            "incomeTaxExpense": "143000000",
            "interestAndDebtExpense": "415000000",
            "netIncomeFromContinuingOperations": "736000000",
            "comprehensiveIncomeNetOfTax": "595000000",
            "ebit": "1291000000",
            "ebitda": "1351000000",
            "netIncome": "733000000"
        },
        {
            "fiscalDateEnding": "2021-06-30",
            "reportedCurrency": "USD",
            "grossProfit": "2291000000",
            "totalRevenue": "5996000000",
            "costOfRevenue": "5494000000",
            "costofGoodsAndServicesSold": "4324000000",
            "operatingIncome": "1235000000",
            "sellingGeneralAndAdministrative": "1056000000",
            "researchAndDevelopment": "None",
            "operatingExpenses": "1227000000",
            "investmentIncomeNet": "4000000",
            "netInterestIncome": "-613000000",
            "interestIncome": "4000000",
            "interestExpense": "613000000",
            "nonInterestIncome": "6609000000",
            "otherNonOperatingIncome": "23000000",
            "depreciation": "None",
            "depreciationAndAmortization": "59000000",
            "incomeBeforeTax": "643000000",
            "incomeTaxExpense": "670000000",
            "interestAndDebtExpense": "613000000",
            "netIncomeFromContinuingOperations": "-25000000",
            "comprehensiveIncomeNetOfTax": "151000000",
            "ebit": "1256000000",
            "ebitda": "1315000000",
            "netIncome": "-27000000"
        },
        {
            "fiscalDateEnding": "2021-03-31",
            "reportedCurrency": "USD",
            "grossProfit": "2201000000",
            "totalRevenue": "5996000000",
            "costOfRevenue": "5553000000",
            "costofGoodsAndServicesSold": "4193000000",
            "operatingIncome": "1089000000",
            "sellingGeneralAndAdministrative": "1112000000",
            "researchAndDevelopment": "None",
            "operatingExpenses": "1429000000",
            "investmentIncomeNet": "5000000",
            "netInterestIncome": "-415000000",
            "interestIncome": "5000000",
            "interestExpense": "415000000",
            "nonInterestIncome": "6411000000",
            "otherNonOperatingIncome": "30000000",
            "depreciation": "None",
            "depreciationAndAmortization": "61000000",
            "incomeBeforeTax": "699000000",
            "incomeTaxExpense": "136000000",
            "interestAndDebtExpense": "415000000",
            "netIncomeFromContinuingOperations": "568000000",
            "comprehensiveIncomeNetOfTax": "632000000",
            "ebit": "1114000000",
            "ebitda": "1175000000",
            "netIncome": "563000000"
        },
        {
            "fiscalDateEnding": "2020-12-31",
            "reportedCurrency": "USD",
            "grossProfit": "2523000000",
            "totalRevenue": "6939000000",
            "costOfRevenue": "5423000000",
            "costofGoodsAndServicesSold": "4416000000",
            "operatingIncome": "1550000000",
            "sellingGeneralAndAdministrative": "973000000",
            "researchAndDevelopment": "None",
            "operatingExpenses": "1196000000",
            "investmentIncomeNet": "4000000",
            "netInterestIncome": "-328000000",
            "interestIncome": "4000000",
            "interestExpense": "328000000",
            "nonInterestIncome": "6939000000",
            "otherNonOperatingIncome": "64000000",
            "depreciation": "None",
            "depreciationAndAmortization": "91000000",
            "incomeBeforeTax": "1284000000",
            "incomeTaxExpense": "252000000",
            "interestAndDebtExpense": "328000000",
            "netIncomeFromContinuingOperations": "2523000000",
            "comprehensiveIncomeNetOfTax": "1323000000",
            "ebit": "1612000000",
            "ebitda": "1703000000",
            "netIncome": "1032000000"
        },
        {
            "fiscalDateEnding": "2020-09-30",
            "reportedCurrency": "USD",
            "grossProfit": "2344000000",
            "totalRevenue": "6070000000",
            "costOfRevenue": "5626000000",
            "costofGoodsAndServicesSold": "4097000000",
            "operatingIncome": "1147000000",
            "sellingGeneralAndAdministrative": "1197000000",
            "researchAndDevelopment": "None",
            "operatingExpenses": "1574000000",
            "investmentIncomeNet": "6000000",
            "netInterestIncome": "-314000000",
            "interestIncome": "6000000",
            "interestExpense": "314000000",
            "nonInterestIncome": "6384000000",
            "otherNonOperatingIncome": "73000000",
            "depreciation": "None",
            "depreciationAndAmortization": "68000000",
            "incomeBeforeTax": "905000000",
            "incomeTaxExpense": "308000000",
            "interestAndDebtExpense": "314000000",
            "netIncomeFromContinuingOperations": "598000000",
            "comprehensiveIncomeNetOfTax": "635000000",
            "ebit": "1219000000",
            "ebitda": "1287000000",
            "netIncome": "597000000"
        },
        {
            "fiscalDateEnding": "2020-06-30",
            "reportedCurrency": "USD",
            "grossProfit": "2452000000",
            "totalRevenue": "6165000000",
            "costOfRevenue": "10885000000",
            "costofGoodsAndServicesSold": "4196000000",
            "operatingIncome": "-1339000000",
            "sellingGeneralAndAdministrative": "3791000000",
            "researchAndDevelopment": "None",
            "operatingExpenses": "6732000000",
            "investmentIncomeNet": "8000000",
            "netInterestIncome": "-442000000",
            "interestIncome": "8000000",
            "interestExpense": "442000000",
            "nonInterestIncome": "6607000000",
            "otherNonOperatingIncome": "78000000",
            "depreciation": "None",
            "depreciationAndAmortization": "68000000",
            "incomeBeforeTax": "-1702000000",
            "incomeTaxExpense": "-51000000",
            "interestAndDebtExpense": "442000000",
            "netIncomeFromContinuingOperations": "-1652000000",
            "comprehensiveIncomeNetOfTax": "-1521000000",
            "ebit": "-1260000000",
            "ebitda": "-1192000000",
            "netIncome": "-1651000000"
        },
        {
            "fiscalDateEnding": "2020-03-31",
            "reportedCurrency": "USD",
            "grossProfit": "1858000000",
            "totalRevenue": "5862000000",
            "costOfRevenue": "5638000000",
            "costofGoodsAndServicesSold": "4299000000",
            "operatingIncome": "770000000",
            "sellingGeneralAndAdministrative": "1088000000",
            "researchAndDevelopment": "None",
            "operatingExpenses": "1384000000",
            "investmentIncomeNet": "9000000",
            "netInterestIncome": "-310000000",
            "interestIncome": "9000000",
            "interestExpense": "310000000",
            "nonInterestIncome": "6172000000",
            "otherNonOperatingIncome": "81000000",
            "depreciation": "None",
            "depreciationAndAmortization": "68000000",
            "incomeBeforeTax": "538000000",
            "incomeTaxExpense": "160000000",
            "interestAndDebtExpense": "310000000",
            "netIncomeFromContinuingOperations": "381000000",
            "comprehensiveIncomeNetOfTax": "-162000000",
            "ebit": "848000000",
            "ebitda": "916000000",
            "netIncome": "378000000"
        },
        {
            "fiscalDateEnding": "2019-12-31",
            "reportedCurrency": "USD",
            "grossProfit": "2107000000",
            "totalRevenue": "6546000000",
            "costOfRevenue": "6526000000",
            "costofGoodsAndServicesSold": "4429000000",
            "operatingIncome": "594000000",
            "sellingGeneralAndAdministrative": "1513000000",
            "researchAndDevelopment": "112000000",
            "operatingExpenses": "2451000000",
            "investmentIncomeNet": "12000000",
            "netInterestIncome": "-326000000",
            "interestIncome": "None",
            "interestExpense": "326000000",
            "nonInterestIncome": "6546000000",
            "otherNonOperatingIncome": "59000000",
            "depreciation": "None",
            "depreciationAndAmortization": "80000000",
            "incomeBeforeTax": "326000000",
            "incomeTaxExpense": "144000000",
            "interestAndDebtExpense": "-10000000",
            "netIncomeFromContinuingOperations": "2107000000",
            "comprehensiveIncomeNetOfTax": "422000000",
            "ebit": "652000000",
            "ebitda": "732000000",
            "netIncome": "182000000"
        },
        {
            "fiscalDateEnding": "2019-09-30",
            "reportedCurrency": "USD",
            "grossProfit": "1947000000",
            "totalRevenue": "5682000000",
            "costOfRevenue": "4979000000",
            "costofGoodsAndServicesSold": "4129000000",
            "operatingIncome": "1180000000",
            "sellingGeneralAndAdministrative": "767000000",
            "researchAndDevelopment": "112000000",
            "operatingExpenses": "850000000",
            "investmentIncomeNet": "10000000",
            "netInterestIncome": "-398000000",
            "interestIncome": "None",
            "interestExpense": "398000000",
            "nonInterestIncome": "6076000000",
            "otherNonOperatingIncome": "380000000",
            "depreciation": "None",
            "depreciationAndAmortization": "72000000",
            "incomeBeforeTax": "1163000000",
            "incomeTaxExpense": "264000000",
            "interestAndDebtExpense": "398000000",
            "netIncomeFromContinuingOperations": "898000000",
            "comprehensiveIncomeNetOfTax": "580000000",
            "ebit": "1561000000",
            "ebitda": "1633000000",
            "netIncome": "899000000"
        },
        {
            "fiscalDateEnding": "2019-06-30",
            "reportedCurrency": "USD",
            "grossProfit": "2082000000",
            "totalRevenue": "6090000000",
            "costOfRevenue": "6347000000",
            "costofGoodsAndServicesSold": "4324000000",
            "operatingIncome": "734000000",
            "sellingGeneralAndAdministrative": "1348000000",
            "researchAndDevelopment": "112000000",
            "operatingExpenses": "2023000000",
            "investmentIncomeNet": "8000000",
            "netInterestIncome": "-316000000",
            "interestIncome": "None",
            "interestExpense": "316000000",
            "nonInterestIncome": "6406000000",
            "otherNonOperatingIncome": "133000000",
            "depreciation": "None",
            "depreciationAndAmortization": "72000000",
            "incomeBeforeTax": "552000000",
            "incomeTaxExpense": "103000000",
            "interestAndDebtExpense": "316000000",
            "netIncomeFromContinuingOperations": "448000000",
            "comprehensiveIncomeNetOfTax": "326000000",
            "ebit": "868000000",
            "ebitda": "940000000",
            "netIncome": "449000000"
        },
        {
            "fiscalDateEnding": "2019-03-31",
            "reportedCurrency": "USD",
            "grossProfit": "2011000000",
            "totalRevenue": "5884000000",
            "costOfRevenue": "6101000000",
            "costofGoodsAndServicesSold": "3948000000",
            "operatingIncome": "562000000",
            "sellingGeneralAndAdministrative": "1449000000",
            "researchAndDevelopment": "112000000",
            "operatingExpenses": "1907000000",
            "investmentIncomeNet": "6000000",
            "netInterestIncome": "-321000000",
            "interestIncome": "None",
            "interestExpense": "321000000",
            "nonInterestIncome": "6205000000",
            "otherNonOperatingIncome": "380000000",
            "depreciation": "None",
            "depreciationAndAmortization": "76000000",
            "incomeBeforeTax": "622000000",
            "incomeTaxExpense": "217000000",
            "interestAndDebtExpense": "321000000",
            "netIncomeFromContinuingOperations": "404000000",
            "comprehensiveIncomeNetOfTax": "528000000",
            "ebit": "943000000",
            "ebitda": "1019000000",
            "netIncome": "405000000"
        },
        {
            "fiscalDateEnding": "2018-12-31",
            "reportedCurrency": "USD",
            "grossProfit": "2216000000",
            "totalRevenue": "6566000000",
            "costOfRevenue": "36508000000",
            "costofGoodsAndServicesSold": "4675000000",
            "operatingIncome": "-14136000000",
            "sellingGeneralAndAdministrative": "16352000000",
            "researchAndDevelopment": "109000000",
            "operatingExpenses": "31833000000",
            "investmentIncomeNet": "None",
            "netInterestIncome": "-325000000",
            "interestIncome": "None",
            "interestExpense": "325000000",
            "nonInterestIncome": "6891000000",
            "otherNonOperatingIncome": "-13000000",
            "depreciation": "None",
            "depreciationAndAmortization": "75000000",
            "incomeBeforeTax": "-14414000000",
            "incomeTaxExpense": "-1846000000",
            "interestAndDebtExpense": "325000000",
            "netIncomeFromContinuingOperations": "-12628000000",
            "comprehensiveIncomeNetOfTax": "-12787000000",
            "ebit": "-14089000000",
            "ebitda": "-14014000000",
            "netIncome": "-12568000000"
        },
        {
            "fiscalDateEnding": "2018-09-30",
            "reportedCurrency": "USD",
            "grossProfit": "2094000000",
            "totalRevenue": "6051000000",
            "costOfRevenue": "5620000000",
            "costofGoodsAndServicesSold": "4289000000",
            "operatingIncome": "1074000000",
            "sellingGeneralAndAdministrative": "1020000000",
            "researchAndDevelopment": "109000000",
            "operatingExpenses": "1349000000",
            "investmentIncomeNet": "None",
            "netInterestIncome": "-327000000",
            "interestIncome": "-1000000",
            "interestExpense": "326000000",
            "nonInterestIncome": "6378000000",
            "otherNonOperatingIncome": "71000000",
            "depreciation": "None",
            "depreciationAndAmortization": "75000000",
            "incomeBeforeTax": "820000000",
            "incomeTaxExpense": "201000000",
            "interestAndDebtExpense": "327000000",
            "netIncomeFromContinuingOperations": "628000000",
            "comprehensiveIncomeNetOfTax": "446000000",
            "ebit": "1146000000",
            "ebitda": "1221000000",
            "netIncome": "619000000"
        },
        {
            "fiscalDateEnding": "2018-06-30",
            "reportedCurrency": "USD",
            "grossProfit": "2347000000",
            "totalRevenue": "6353000000",
            "costOfRevenue": "5699000000",
            "costofGoodsAndServicesSold": "4343000000",
            "operatingIncome": "1357000000",
            "sellingGeneralAndAdministrative": "990000000",
            "researchAndDevelopment": "109000000",
            "operatingExpenses": "1393000000",
            "investmentIncomeNet": "None",
            "netInterestIncome": "-318000000",
            "interestIncome": "-2000000",
            "interestExpense": "316000000",
            "nonInterestIncome": "-15000000",
            "otherNonOperatingIncome": "20000000",
            "depreciation": "None",
            "depreciationAndAmortization": "70000000",
            "incomeBeforeTax": "1062000000",
            "incomeTaxExpense": "308000000",
            "interestAndDebtExpense": "318000000",
            "netIncomeFromContinuingOperations": "755000000",
            "comprehensiveIncomeNetOfTax": "178000000",
            "ebit": "1378000000",
            "ebitda": "1448000000",
            "netIncome": "754000000"
        },
        {
            "fiscalDateEnding": "2018-03-31",
            "reportedCurrency": "USD",
            "grossProfit": "2264000000",
            "totalRevenue": "5987000000",
            "costOfRevenue": "4902000000",
            "costofGoodsAndServicesSold": "4040000000",
            "operatingIncome": "1500000000",
            "sellingGeneralAndAdministrative": "764000000",
            "researchAndDevelopment": "109000000",
            "operatingExpenses": "843000000",
            "investmentIncomeNet": "None",
            "netInterestIncome": "-317000000",
            "interestIncome": "None",
            "interestExpense": "317000000",
            "nonInterestIncome": "6304000000",
            "otherNonOperatingIncome": "90000000",
            "depreciation": "None",
            "depreciationAndAmortization": "70000000",
            "incomeBeforeTax": "1273000000",
            "incomeTaxExpense": "270000000",
            "interestAndDebtExpense": "317000000",
            "netIncomeFromContinuingOperations": "993000000",
            "comprehensiveIncomeNetOfTax": "1082000000",
            "ebit": "1590000000",
            "ebitda": "1660000000",
            "netIncome": "1003000000"
        }
    ]
}