{
    "symbol": "KO",
    "annualReports": [
        {
            "fiscalDateEnding": "2022-12-31",
            "reportedCurrency": "USD",
            "grossProfit": "25004000000",
            "totalRevenue": "43004000000",
            "costOfRevenue": "18000000000",
            "costofGoodsAndServicesSold": "18000000000",
            "operatingIncome": "10909000000",
            "sellingGeneralAndAdministrative": "12880000000",
            "researchAndDevelopment": "None",
            "operatingExpenses": "14181000000",
            "investmentIncomeNet": "449000000",
            "netInterestIncome": "-882000000",
            "interestIncome": "1039000000",
            "interestExpense": "882000000",
            "nonInterestIncome": "-207000000",
            "otherNonOperatingIncome": "-262000000",
            "depreciation": "1125000000",
            "depreciationAndAmortization": "120000000",
            "incomeBeforeTax": "11657000000",
            "incomeTaxExpense": "2115000000",
            "interestAndDebtExpense": "882000000",
            "netIncomeFromContinuingOperations": "9571000000",
            "comprehensiveIncomeNetOfTax": "8977000000",
            "ebit": "12539000000",
            "ebitda": "12659000000",
            "netIncome": "9542000000"
        },
        {
            "fiscalDateEnding": "2021-12-31",
            "reportedCurrency": "USD",
            "grossProfit": "23298000000",
            "totalRevenue": "38655000000",
            "costOfRevenue": "15357000000",
            "costofGoodsAndServicesSold": "15357000000",
            "operatingIncome": "10308000000",
            "sellingGeneralAndAdministrative": "12144000000",
            "researchAndDevelopment": "None",
            "operatingExpenses": "11790000000",
            "investmentIncomeNet": "276000000",
            "netInterestIncome": "-1597000000",
            "interestIncome": "276000000",
            "interestExpense": "1597000000",
            "nonInterestIncome": "-574000000",
            "otherNonOperatingIncome": "2000000000",
            "depreciation": "1262000000",
            "depreciationAndAmortization": "165000000",
            "incomeBeforeTax": "12392000000",
            "incomeTaxExpense": "2621000000",
            "interestAndDebtExpense": "2156000000",
            "netIncomeFromContinuingOperations": "9804000000",
            "comprehensiveIncomeNetOfTax": "10042000000",
            "ebit": "13989000000",
            "ebitda": "14154000000",
            "netIncome": "9771000000"
        },
        {
            "fiscalDateEnding": "2020-12-31",
            "reportedCurrency": "USD",
            "grossProfit": "19581000000",
            "totalRevenue": "33014000000",
            "costOfRevenue": "13433000000",
            "costofGoodsAndServicesSold": "13433000000",
            "operatingIncome": "8997000000",
            "sellingGeneralAndAdministrative": "9731000000",
            "researchAndDevelopment": "None",
            "operatingExpenses": "10163000000",
            "investmentIncomeNet": "370000000",
            "netInterestIncome": "-1437000000",
            "interestIncome": "89000000",
            "interestExpense": "1437000000",
            "nonInterestIncome": "-393000000",
            "otherNonOperatingIncome": "841000000",
            "depreciation": "1301000000",
            "depreciationAndAmortization": "203000000",
            "incomeBeforeTax": "9728000000",
            "incomeTaxExpense": "1981000000",
            "interestAndDebtExpense": "1896000000",
            "netIncomeFromContinuingOperations": "7768000000",
            "comprehensiveIncomeNetOfTax": "6690000000",
            "ebit": "11165000000",
            "ebitda": "11368000000",
            "netIncome": "7747000000"
        },
        {
            "fiscalDateEnding": "2019-12-31",
            "reportedCurrency": "USD",
            "grossProfit": "22647000000",
            "totalRevenue": "37266000000",
            "costOfRevenue": "14619000000",
            "costofGoodsAndServicesSold": "14619000000",
            "operatingIncome": "10086000000",
            "sellingGeneralAndAdministrative": "12103000000",
            "researchAndDevelopment": "None",
            "operatingExpenses": "13245000000",
            "investmentIncomeNet": "563000000",
            "netInterestIncome": "-946000000",
            "interestIncome": "563000000",
            "interestExpense": "946000000",
            "nonInterestIncome": "-64000000",
            "otherNonOperatingIncome": "34000000",
            "depreciation": "1208000000",
            "depreciationAndAmortization": "120000000",
            "incomeBeforeTax": "10721000000",
            "incomeTaxExpense": "1801000000",
            "interestAndDebtExpense": "946000000",
            "netIncomeFromContinuingOperations": "8985000000",
            "comprehensiveIncomeNetOfTax": "8754000000",
            "ebit": "11667000000",
            "ebitda": "11787000000",
            "netIncome": "8920000000"
        },
        {
            "fiscalDateEnding": "2018-12-31",
            "reportedCurrency": "USD",
            "grossProfit": "21233000000",
            "totalRevenue": "34300000000",
            "costOfRevenue": "13067000000",
            "costofGoodsAndServicesSold": "13067000000",
            "operatingIncome": "9152000000",
            "sellingGeneralAndAdministrative": "11002000000",
            "researchAndDevelopment": "None",
            "operatingExpenses": "12267000000",
            "investmentIncomeNet": "682000000",
            "netInterestIncome": "-919000000",
            "interestIncome": "31000000",
            "interestExpense": "950000000",
            "nonInterestIncome": "73000000",
            "otherNonOperatingIncome": "-1674000000",
            "depreciation": "999000000",
            "depreciationAndAmortization": "49000000",
            "incomeBeforeTax": "8183000000",
            "incomeTaxExpense": "1749000000",
            "interestAndDebtExpense": "892000000",
            "netIncomeFromContinuingOperations": "6734000000",
            "comprehensiveIncomeNetOfTax": "4334000000",
            "ebit": "9133000000",
            "ebitda": "9182000000",
            "netIncome": "6434000000"
        }
    ],
    "quarterlyReports": [
        {
            "fiscalDateEnding": "2022-12-31",
            "reportedCurrency": "USD",
            "grossProfit": "5612000000",
            "totalRevenue": "10125000000",
            "costOfRevenue": "4513000000",
            "costofGoodsAndServicesSold": "4513000000",
            "operatingIncome": "2075000000",
            "sellingGeneralAndAdministrative": "3431000000",
            "researchAndDevelopment": "None",
            "operatingExpenses": "3541000000",
            "investmentIncomeNet": "143000000",
            "netInterestIncome": "-304000000",
            "interestIncome": "178000000",
            "interestExpense": "304000000",
            "nonInterestIncome": "330000000",
            "otherNonOperatingIncome": "220000000",
            "depreciation": "None",
            "depreciationAndAmortization": "307000000",
            "incomeBeforeTax": "2475000000",
            "incomeTaxExpense": "444000000",
            "interestAndDebtExpense": "304000000",
            "netIncomeFromContinuingOperations": "2056000000",
            "comprehensiveIncomeNetOfTax": "3005000000",
            "ebit": "2779000000",
            "ebitda": "3086000000",
            "netIncome": "2031000000"
        },
        {
            "fiscalDateEnding": "2022-09-30",
            "reportedCurrency": "USD",
            "grossProfit": "6497000000",
            "totalRevenue": "11063000000",
            "costOfRevenue": "4566000000",
            "costofGoodsAndServicesSold": "4566000000",
            "operatingIncome": "3088000000",
            "sellingGeneralAndAdministrative": "3279000000",
            "researchAndDevelopment": "None",
            "operatingExpenses": "3466000000",
            "investmentIncomeNet": "128000000",
            "netInterestIncome": "-198000000",
            "interestIncome": "128000000",
            "interestExpense": "198000000",
            "nonInterestIncome": "-95000000",
            "otherNonOperatingIncome": "607000000",
            "depreciation": "None",
            "depreciationAndAmortization": "307000000",
            "incomeBeforeTax": "3447000000",
            "incomeTaxExpense": "622000000",
            "interestAndDebtExpense": "198000000",
            "netIncomeFromContinuingOperations": "2822000000",
            "comprehensiveIncomeNetOfTax": "1757000000",
            "ebit": "3645000000",
            "ebitda": "3952000000",
            "netIncome": "2825000000"
        },
        {
            "fiscalDateEnding": "2022-06-30",
            "reportedCurrency": "USD",
            "grossProfit": "6495000000",
            "totalRevenue": "11325000000",
            "costOfRevenue": "4830000000",
            "costofGoodsAndServicesSold": "4830000000",
            "operatingIncome": "2341000000",
            "sellingGeneralAndAdministrative": "3203000000",
            "researchAndDevelopment": "None",
            "operatingExpenses": "3222000000",
            "investmentIncomeNet": "None",
            "netInterestIncome": "-98000000",
            "interestIncome": "100000000",
            "interestExpense": "198000000",
            "nonInterestIncome": "None",
            "otherNonOperatingIncome": "492000000",
            "depreciation": "None",
            "depreciationAndAmortization": "322000000",
            "incomeBeforeTax": "2289000000",
            "incomeTaxExpense": "384000000",
            "interestAndDebtExpense": "None",
            "netIncomeFromContinuingOperations": "1900000000",
            "comprehensiveIncomeNetOfTax": "444000000",
            "ebit": "2487000000",
            "ebitda": "2809000000",
            "netIncome": "1905000000"
        },
        {
            "fiscalDateEnding": "2022-03-31",
            "reportedCurrency": "USD",
            "grossProfit": "6400000000",
            "totalRevenue": "10491000000",
            "costOfRevenue": "4091000000",
            "costofGoodsAndServicesSold": "4091000000",
            "operatingIncome": "3405000000",
            "sellingGeneralAndAdministrative": "2967000000",
            "researchAndDevelopment": "None",
            "operatingExpenses": "2995000000",
            "investmentIncomeNet": "None",
            "netInterestIncome": "-104000000",
            "interestIncome": "78000000",
            "interestExpense": "182000000",
            "nonInterestIncome": "None",
            "otherNonOperatingIncome": "340000000",
            "depreciation": "None",
            "depreciationAndAmortization": "324000000",
            "incomeBeforeTax": "3446000000",
            "incomeTaxExpense": "665000000",
            "interestAndDebtExpense": "None",
            "netIncomeFromContinuingOperations": "2793000000",
            "comprehensiveIncomeNetOfTax": "3771000000",
            "ebit": "3628000000",
            "ebitda": "3952000000",
            "netIncome": "2781000000"
        },
        {
            "fiscalDateEnding": "2021-12-31",
            "reportedCurrency": "USD",
            "grossProfit": "5376000000",
            "totalRevenue": "9464000000",
            "costOfRevenue": "4088000000",
            "costofGoodsAndServicesSold": "4088000000",
            "operatingIncome": "1672000000",
            "sellingGeneralAndAdministrative": "3336000000",
            "researchAndDevelopment": "None",
            "operatingExpenses": "2722000000",
            "investmentIncomeNet": "71000000",
            "netInterestIncome": "-165000000",
            "interestIncome": "71000000",
            "interestExpense": "165000000",
            "nonInterestIncome": "-675000000",
            "otherNonOperatingIncome": "2373000000",
            "depreciation": "None",
            "depreciationAndAmortization": "341000000",
            "incomeBeforeTax": "2924000000",
            "incomeTaxExpense": "510000000",
            "interestAndDebtExpense": "724000000",
            "netIncomeFromContinuingOperations": "2450000000",
            "comprehensiveIncomeNetOfTax": "2334000000",
            "ebit": "3089000000",
            "ebitda": "3430000000",
            "netIncome": "2414000000"
        },
        {
            "fiscalDateEnding": "2021-09-30",
            "reportedCurrency": "USD",
            "grossProfit": "6065000000",
            "totalRevenue": "10042000000",
            "costOfRevenue": "3977000000",
            "costofGoodsAndServicesSold": "3977000000",
            "operatingIncome": "2898000000",
            "sellingGeneralAndAdministrative": "3122000000",
            "researchAndDevelopment": "None",
            "operatingExpenses": "3434000000",
            "investmentIncomeNet": "68000000",
            "netInterestIncome": "-210000000",
            "interestIncome": "68000000",
            "interestExpense": "210000000",
            "nonInterestIncome": "5000000",
            "otherNonOperatingIncome": "523000000",
            "depreciation": "None",
            "depreciationAndAmortization": "362000000",
            "incomeBeforeTax": "3080000000",
            "incomeTaxExpense": "609000000",
            "interestAndDebtExpense": "210000000",
            "netIncomeFromContinuingOperations": "2475000000",
            "comprehensiveIncomeNetOfTax": "1520000000",
            "ebit": "3290000000",
            "ebitda": "3652000000",
            "netIncome": "2471000000"
        },
        {
            "fiscalDateEnding": "2021-06-30",
            "reportedCurrency": "USD",
            "grossProfit": "6342000000",
            "totalRevenue": "10129000000",
            "costOfRevenue": "3787000000",
            "costofGoodsAndServicesSold": "3787000000",
            "operatingIncome": "3016000000",
            "sellingGeneralAndAdministrative": "3017000000",
            "researchAndDevelopment": "None",
            "operatingExpenses": "3330000000",
            "investmentIncomeNet": "71000000",
            "netInterestIncome": "-780000000",
            "interestIncome": "307000000",
            "interestExpense": "780000000",
            "nonInterestIncome": "5000000",
            "otherNonOperatingIncome": "473000000",
            "depreciation": "None",
            "depreciationAndAmortization": "383000000",
            "incomeBeforeTax": "3635000000",
            "incomeTaxExpense": "994000000",
            "interestAndDebtExpense": "780000000",
            "netIncomeFromContinuingOperations": "2624000000",
            "comprehensiveIncomeNetOfTax": "3475000000",
            "ebit": "4415000000",
            "ebitda": "4798000000",
            "netIncome": "2641000000"
        },
        {
            "fiscalDateEnding": "2021-03-31",
            "reportedCurrency": "USD",
            "grossProfit": "5515000000",
            "totalRevenue": "9020000000",
            "costOfRevenue": "3505000000",
            "costofGoodsAndServicesSold": "3505000000",
            "operatingIncome": "2722000000",
            "sellingGeneralAndAdministrative": "2669000000",
            "researchAndDevelopment": "None",
            "operatingExpenses": "2803000000",
            "investmentIncomeNet": "66000000",
            "netInterestIncome": "-442000000",
            "interestIncome": "66000000",
            "interestExpense": "442000000",
            "nonInterestIncome": "34000000",
            "otherNonOperatingIncome": "345000000",
            "depreciation": "None",
            "depreciationAndAmortization": "366000000",
            "incomeBeforeTax": "2753000000",
            "incomeTaxExpense": "508000000",
            "interestAndDebtExpense": "442000000",
            "netIncomeFromContinuingOperations": "2255000000",
            "comprehensiveIncomeNetOfTax": "2713000000",
            "ebit": "3195000000",
            "ebitda": "3561000000",
            "netIncome": "2245000000"
        },
        {
            "fiscalDateEnding": "2020-12-31",
            "reportedCurrency": "USD",
            "grossProfit": "5033000000",
            "totalRevenue": "8611000000",
            "costOfRevenue": "3578000000",
            "costofGoodsAndServicesSold": "3578000000",
            "operatingIncome": "2338000000",
            "sellingGeneralAndAdministrative": "2589000000",
            "researchAndDevelopment": "None",
            "operatingExpenses": "3135000000",
            "investmentIncomeNet": "76000000",
            "netInterestIncome": "-310000000",
            "interestIncome": "30000000",
            "interestExpense": "310000000",
            "nonInterestIncome": "-117000000",
            "otherNonOperatingIncome": "1121000000",
            "depreciation": "None",
            "depreciationAndAmortization": "430000000",
            "incomeBeforeTax": "2343000000",
            "incomeTaxExpense": "887000000",
            "interestAndDebtExpense": "372000000",
            "netIncomeFromContinuingOperations": "1474000000",
            "comprehensiveIncomeNetOfTax": "2301000000",
            "ebit": "2653000000",
            "ebitda": "3083000000",
            "netIncome": "1456000000"
        },
        {
            "fiscalDateEnding": "2020-09-30",
            "reportedCurrency": "USD",
            "grossProfit": "5181000000",
            "totalRevenue": "8652000000",
            "costOfRevenue": "3471000000",
            "costofGoodsAndServicesSold": "3471000000",
            "operatingIncome": "2298000000",
            "sellingGeneralAndAdministrative": "2511000000",
            "researchAndDevelopment": "None",
            "operatingExpenses": "2883000000",
            "investmentIncomeNet": "82000000",
            "netInterestIncome": "-660000000",
            "interestIncome": "132000000",
            "interestExpense": "660000000",
            "nonInterestIncome": "-312000000",
            "otherNonOperatingIncome": "513000000",
            "depreciation": "None",
            "depreciationAndAmortization": "358000000",
            "incomeBeforeTax": "2178000000",
            "incomeTaxExpense": "441000000",
            "interestAndDebtExpense": "660000000",
            "netIncomeFromContinuingOperations": "1740000000",
            "comprehensiveIncomeNetOfTax": "2751000000",
            "ebit": "2838000000",
            "ebitda": "3196000000",
            "netIncome": "1737000000"
        },
        {
            "fiscalDateEnding": "2020-06-30",
            "reportedCurrency": "USD",
            "grossProfit": "4137000000",
            "totalRevenue": "7150000000",
            "costOfRevenue": "3013000000",
            "costofGoodsAndServicesSold": "3013000000",
            "operatingIncome": "1981000000",
            "sellingGeneralAndAdministrative": "1983000000",
            "researchAndDevelopment": "None",
            "operatingExpenses": "2194000000",
            "investmentIncomeNet": "100000000",
            "netInterestIncome": "-274000000",
            "interestIncome": "100000000",
            "interestExpense": "274000000",
            "nonInterestIncome": "13000000",
            "otherNonOperatingIncome": "276000000",
            "depreciation": "None",
            "depreciationAndAmortization": "381000000",
            "incomeBeforeTax": "2217000000",
            "incomeTaxExpense": "438000000",
            "interestAndDebtExpense": "274000000",
            "netIncomeFromContinuingOperations": "1759000000",
            "comprehensiveIncomeNetOfTax": "1015000000",
            "ebit": "2491000000",
            "ebitda": "2872000000",
            "netIncome": "1779000000"
        },
        {
            "fiscalDateEnding": "2020-03-31",
            "reportedCurrency": "USD",
            "grossProfit": "5230000000",
            "totalRevenue": "8601000000",
            "costOfRevenue": "3371000000",
            "costofGoodsAndServicesSold": "3371000000",
            "operatingIncome": "2380000000",
            "sellingGeneralAndAdministrative": "2648000000",
            "researchAndDevelopment": "None",
            "operatingExpenses": "1970000000",
            "investmentIncomeNet": "112000000",
            "netInterestIncome": "-193000000",
            "interestIncome": "112000000",
            "interestExpense": "193000000",
            "nonInterestIncome": "43000000",
            "otherNonOperatingIncome": "279000000",
            "depreciation": "None",
            "depreciationAndAmortization": "367000000",
            "incomeBeforeTax": "2990000000",
            "incomeTaxExpense": "215000000",
            "interestAndDebtExpense": "193000000",
            "netIncomeFromContinuingOperations": "2795000000",
            "comprehensiveIncomeNetOfTax": "623000000",
            "ebit": "3183000000",
            "ebitda": "3550000000",
            "netIncome": "2775000000"
        },
        {
            "fiscalDateEnding": "2019-12-31",
            "reportedCurrency": "USD",
            "grossProfit": "5502000000",
            "totalRevenue": "9068000000",
            "costOfRevenue": "3566000000",
            "costofGoodsAndServicesSold": "3566000000",
            "operatingIncome": "2164000000",
            "sellingGeneralAndAdministrative": "3224000000",
            "researchAndDevelopment": "None",
            "operatingExpenses": "3418000000",
            "investmentIncomeNet": "135000000",
            "netInterestIncome": "-235000000",
            "interestIncome": "135000000",
            "interestExpense": "235000000",
            "nonInterestIncome": "-1000000",
            "otherNonOperatingIncome": "648000000",
            "depreciation": "None",
            "depreciationAndAmortization": "400000000",
            "incomeBeforeTax": "2397000000",
            "incomeTaxExpense": "355000000",
            "interestAndDebtExpense": "235000000",
            "netIncomeFromContinuingOperations": "2065000000",
            "comprehensiveIncomeNetOfTax": "2249000000",
            "ebit": "2632000000",
            "ebitda": "3032000000",
            "netIncome": "2042000000"
        },
        {
            "fiscalDateEnding": "2019-09-30",
            "reportedCurrency": "USD",
            "grossProfit": "5740000000",
            "totalRevenue": "9507000000",
            "costOfRevenue": "3767000000",
            "costofGoodsAndServicesSold": "3767000000",
            "operatingIncome": "2499000000",
            "sellingGeneralAndAdministrative": "3116000000",
            "researchAndDevelopment": "None",
            "operatingExpenses": "3344000000",
            "investmentIncomeNet": "153000000",
            "netInterestIncome": "-230000000",
            "interestIncome": "153000000",
            "interestExpense": "230000000",
            "nonInterestIncome": "-39000000",
            "otherNonOperatingIncome": "499000000",
            "depreciation": "None",
            "depreciationAndAmortization": "363000000",
            "incomeBeforeTax": "3096000000",
            "incomeTaxExpense": "503000000",
            "interestAndDebtExpense": "230000000",
            "netIncomeFromContinuingOperations": "2589000000",
            "comprehensiveIncomeNetOfTax": "1868000000",
            "ebit": "3326000000",
            "ebitda": "3689000000",
            "netIncome": "2593000000"
        },
        {
            "fiscalDateEnding": "2019-06-30",
            "reportedCurrency": "USD",
            "grossProfit": "6076000000",
            "totalRevenue": "9997000000",
            "costOfRevenue": "3921000000",
            "costofGoodsAndServicesSold": "3921000000",
            "operatingIncome": "2988000000",
            "sellingGeneralAndAdministrative": "2996000000",
            "researchAndDevelopment": "None",
            "operatingExpenses": "3143000000",
            "investmentIncomeNet": "142000000",
            "netInterestIncome": "-236000000",
            "interestIncome": "142000000",
            "interestExpense": "236000000",
            "nonInterestIncome": "1000000",
            "otherNonOperatingIncome": "471000000",
            "depreciation": "None",
            "depreciationAndAmortization": "327000000",
            "incomeBeforeTax": "3028000000",
            "incomeTaxExpense": "421000000",
            "interestAndDebtExpense": "236000000",
            "netIncomeFromContinuingOperations": "2628000000",
            "comprehensiveIncomeNetOfTax": "1951000000",
            "ebit": "3264000000",
            "ebitda": "3591000000",
            "netIncome": "2607000000"
        },
        {
            "fiscalDateEnding": "2019-03-31",
            "reportedCurrency": "USD",
            "grossProfit": "5329000000",
            "totalRevenue": "8694000000",
            "costOfRevenue": "3365000000",
            "costofGoodsAndServicesSold": "3365000000",
            "operatingIncome": "2435000000",
            "sellingGeneralAndAdministrative": "2767000000",
            "researchAndDevelopment": "None",
            "operatingExpenses": "3194000000",
            "investmentIncomeNet": "129000000",
            "netInterestIncome": "-232000000",
            "interestIncome": "13000000",
            "interestExpense": "245000000",
            "nonInterestIncome": "46000000",
            "otherNonOperatingIncome": "-234000000",
            "depreciation": "None",
            "depreciationAndAmortization": "275000000",
            "incomeBeforeTax": "2200000000",
            "incomeTaxExpense": "522000000",
            "interestAndDebtExpense": "232000000",
            "netIncomeFromContinuingOperations": "1645000000",
            "comprehensiveIncomeNetOfTax": "2686000000",
            "ebit": "2445000000",
            "ebitda": "2707000000",
            "netIncome": "1678000000"
        },
        {
            "fiscalDateEnding": "2018-12-31",
            "reportedCurrency": "USD",
            "grossProfit": "4704000000",
            "totalRevenue": "7806000000",
            "costOfRevenue": "3102000000",
            "costofGoodsAndServicesSold": "3102000000",
            "operatingIncome": "1825000000",
            "sellingGeneralAndAdministrative": "2716000000",
            "researchAndDevelopment": "None",
            "operatingExpenses": "2995000000",
            "investmentIncomeNet": "176000000",
            "netInterestIncome": "-242000000",
            "interestIncome": "11000000",
            "interestExpense": "253000000",
            "nonInterestIncome": "-94000000",
            "otherNonOperatingIncome": "-1531000000",
            "depreciation": "None",
            "depreciationAndAmortization": "279000000",
            "incomeBeforeTax": "908000000",
            "incomeTaxExpense": "38000000",
            "interestAndDebtExpense": "215000000",
            "netIncomeFromContinuingOperations": "794000000",
            "comprehensiveIncomeNetOfTax": "126000000",
            "ebit": "1161000000",
            "ebitda": "1386000000",
            "netIncome": "870000000"
        },
        {
            "fiscalDateEnding": "2018-09-30",
            "reportedCurrency": "USD",
            "grossProfit": "5429000000",
            "totalRevenue": "8775000000",
            "costOfRevenue": "3346000000",
            "costofGoodsAndServicesSold": "3346000000",
            "operatingIncome": "2614000000",
            "sellingGeneralAndAdministrative": "2660000000",
            "researchAndDevelopment": "None",
            "operatingExpenses": "2771000000",
            "investmentIncomeNet": "171000000",
            "netInterestIncome": "-206000000",
            "interestIncome": "8000000",
            "interestExpense": "214000000",
            "nonInterestIncome": "5000000",
            "otherNonOperatingIncome": "9000000",
            "depreciation": "None",
            "depreciationAndAmortization": "254000000",
            "incomeBeforeTax": "2435000000",
            "incomeTaxExpense": "555000000",
            "interestAndDebtExpense": "206000000",
            "netIncomeFromContinuingOperations": "2326000000",
            "comprehensiveIncomeNetOfTax": "1584000000",
            "ebit": "2649000000",
            "ebitda": "3020000000",
            "netIncome": "1880000000"
        },
        {
            "fiscalDateEnding": "2018-06-30",
            "reportedCurrency": "USD",
            "grossProfit": "5878000000",
            "totalRevenue": "9421000000",
            "costOfRevenue": "3543000000",
            "costofGoodsAndServicesSold": "3543000000",
            "operatingIncome": "2766000000",
            "sellingGeneralAndAdministrative": "2887000000",
            "researchAndDevelopment": "None",
            "operatingExpenses": "2856000000",
            "investmentIncomeNet": "170000000",
            "netInterestIncome": "-241000000",
            "interestIncome": "6000000",
            "interestExpense": "247000000",
            "nonInterestIncome": "-1000000",
            "otherNonOperatingIncome": "-97000000",
            "depreciation": "None",
            "depreciationAndAmortization": "283000000",
            "incomeBeforeTax": "2927000000",
            "incomeTaxExpense": "611000000",
            "interestAndDebtExpense": "241000000",
            "netIncomeFromContinuingOperations": "2290000000",
            "comprehensiveIncomeNetOfTax": "580000000",
            "ebit": "3174000000",
            "ebitda": "3493000000",
            "netIncome": "2316000000"
        },
        {
            "fiscalDateEnding": "2018-03-31",
            "reportedCurrency": "USD",
            "grossProfit": "4888000000",
            "totalRevenue": "7626000000",
            "costOfRevenue": "2738000000",
            "costofGoodsAndServicesSold": "2738000000",
            "operatingIncome": "1811000000",
            "sellingGeneralAndAdministrative": "2541000000",
            "researchAndDevelopment": "None",
            "operatingExpenses": "2720000000",
            "investmentIncomeNet": "165000000",
            "netInterestIncome": "-230000000",
            "interestIncome": "None",
            "interestExpense": "230000000",
            "nonInterestIncome": "19000000",
            "otherNonOperatingIncome": "-55000000",
            "depreciation": "None",
            "depreciationAndAmortization": "270000000",
            "incomeBeforeTax": "1874000000",
            "incomeTaxExpense": "506000000",
            "interestAndDebtExpense": "230000000",
            "netIncomeFromContinuingOperations": "1325000000",
            "comprehensiveIncomeNetOfTax": "2044000000",
            "ebit": "2104000000",
            "ebitda": "2237000000",
            "netIncome": "1368000000"
        }
    ]
}