{
    "symbol": "LNT",
    "annualReports": [
        {
            "fiscalDateEnding": "2022-12-31",
            "reportedCurrency": "USD",
            "grossProfit": "2830000000",
            "totalRevenue": "4205000000",
            "costOfRevenue": "1375000000",
            "costofGoodsAndServicesSold": "573000000",
            "operatingIncome": "928000000",
            "sellingGeneralAndAdministrative": "123000000",
            "researchAndDevelopment": "None",
            "operatingExpenses": "1506000000",
            "investmentIncomeNet": "None",
            "netInterestIncome": "-325000000",
            "interestIncome": "None",
            "interestExpense": "325000000",
            "nonInterestIncome": "4205000000",
            "otherNonOperatingIncome": "-6000000",
            "depreciation": "None",
            "depreciationAndAmortization": "671000000",
            "incomeBeforeTax": "708000000",
            "incomeTaxExpense": "22000000",
            "interestAndDebtExpense": "325000000",
            "netIncomeFromContinuingOperations": "686000000",
            "comprehensiveIncomeNetOfTax": "686000000",
            "ebit": "1033000000",
            "ebitda": "1704000000",
            "netIncome": "686000000"
        },
        {
            "fiscalDateEnding": "2021-12-31",
            "reportedCurrency": "USD",
            "grossProfit": "2350000000",
            "totalRevenue": "3669000000",
            "costOfRevenue": "1319000000",
            "costofGoodsAndServicesSold": "537000000",
            "operatingIncome": "795000000",
            "sellingGeneralAndAdministrative": "118000000",
            "researchAndDevelopment": "None",
            "operatingExpenses": "1458000000",
            "investmentIncomeNet": "None",
            "netInterestIncome": "-277000000",
            "interestIncome": "None",
            "interestExpense": "277000000",
            "nonInterestIncome": "3669000000",
            "otherNonOperatingIncome": "-5000000",
            "depreciation": "None",
            "depreciationAndAmortization": "657000000",
            "incomeBeforeTax": "600000000",
            "incomeTaxExpense": "-74000000",
            "interestAndDebtExpense": "277000000",
            "netIncomeFromContinuingOperations": "674000000",
            "comprehensiveIncomeNetOfTax": "675000000",
            "ebit": "877000000",
            "ebitda": "1534000000",
            "netIncome": "674000000"
        },
        {
            "fiscalDateEnding": "2020-12-31",
            "reportedCurrency": "USD",
            "grossProfit": "2221000000",
            "totalRevenue": "3416000000",
            "costOfRevenue": "1195000000",
            "costofGoodsAndServicesSold": "449000000",
            "operatingIncome": "740000000",
            "sellingGeneralAndAdministrative": "124000000",
            "researchAndDevelopment": "None",
            "operatingExpenses": "1416000000",
            "investmentIncomeNet": "None",
            "netInterestIncome": "-275000000",
            "interestIncome": "None",
            "interestExpense": "275000000",
            "nonInterestIncome": "3416000000",
            "otherNonOperatingIncome": "-14000000",
            "depreciation": "None",
            "depreciationAndAmortization": "615000000",
            "incomeBeforeTax": "567000000",
            "incomeTaxExpense": "-57000000",
            "interestAndDebtExpense": "275000000",
            "netIncomeFromContinuingOperations": "624000000",
            "comprehensiveIncomeNetOfTax": "622000000",
            "ebit": "842000000",
            "ebitda": "1457000000",
            "netIncome": "624000000"
        },
        {
            "fiscalDateEnding": "2019-12-31",
            "reportedCurrency": "USD",
            "grossProfit": "2455400000",
            "totalRevenue": "3648000000",
            "costOfRevenue": "1192300000",
            "costofGoodsAndServicesSold": "481000000",
            "operatingIncome": "778000000",
            "sellingGeneralAndAdministrative": "136800000",
            "researchAndDevelopment": "None",
            "operatingExpenses": "1423100000",
            "investmentIncomeNet": "None",
            "netInterestIncome": "-272900000",
            "interestIncome": "100000",
            "interestExpense": "273000000",
            "nonInterestIncome": "3647700000",
            "otherNonOperatingIncome": "-15000000",
            "depreciation": "None",
            "depreciationAndAmortization": "567000000",
            "incomeBeforeTax": "636000000",
            "incomeTaxExpense": "69000000",
            "interestAndDebtExpense": "272900000",
            "netIncomeFromContinuingOperations": "557200000",
            "comprehensiveIncomeNetOfTax": "567000000",
            "ebit": "909000000",
            "ebitda": "1476000000",
            "netIncome": "567000000"
        },
        {
            "fiscalDateEnding": "2018-12-31",
            "reportedCurrency": "USD",
            "grossProfit": "1549300000",
            "totalRevenue": "3534000000",
            "costOfRevenue": "1985200000",
            "costofGoodsAndServicesSold": "496000000",
            "operatingIncome": "694000000",
            "sellingGeneralAndAdministrative": "121400000",
            "researchAndDevelopment": "None",
            "operatingExpenses": "1280300000",
            "investmentIncomeNet": "None",
            "netInterestIncome": "-247000000",
            "interestIncome": "116800000",
            "interestExpense": "247000000",
            "nonInterestIncome": "3534500000",
            "otherNonOperatingIncome": "-8000000",
            "depreciation": "None",
            "depreciationAndAmortization": "507000000",
            "incomeBeforeTax": "570000000",
            "incomeTaxExpense": "48000000",
            "interestAndDebtExpense": "247000000",
            "netIncomeFromContinuingOperations": "512100000",
            "comprehensiveIncomeNetOfTax": "524500000",
            "ebit": "817000000",
            "ebitda": "1324000000",
            "netIncome": "522000000"
        }
    ],
    "quarterlyReports": [
        {
            "fiscalDateEnding": "2022-12-31",
            "reportedCurrency": "USD",
            "grossProfit": "938000000",
            "totalRevenue": "1293000000",
            "costOfRevenue": "355000000",
            "costofGoodsAndServicesSold": "145000000",
            "operatingIncome": "159000000",
            "sellingGeneralAndAdministrative": "32000000",
            "researchAndDevelopment": "None",
            "operatingExpenses": "422000000",
            "investmentIncomeNet": "None",
            "netInterestIncome": "-90000000",
            "interestIncome": "None",
            "interestExpense": "90000000",
            "nonInterestIncome": "1058000000",
            "otherNonOperatingIncome": "-6000000",
            "depreciation": "None",
            "depreciationAndAmortization": "170000000",
            "incomeBeforeTax": "103000000",
            "incomeTaxExpense": "-4000000",
            "interestAndDebtExpense": "90000000",
            "netIncomeFromContinuingOperations": "107000000",
            "comprehensiveIncomeNetOfTax": "107000000",
            "ebit": "193000000",
            "ebitda": "363000000",
            "netIncome": "107000000"
        },
        {
            "fiscalDateEnding": "2022-09-30",
            "reportedCurrency": "USD",
            "grossProfit": "695000000",
            "totalRevenue": "1052000000",
            "costOfRevenue": "357000000",
            "costofGoodsAndServicesSold": "157000000",
            "operatingIncome": "309000000",
            "sellingGeneralAndAdministrative": "31000000",
            "researchAndDevelopment": "None",
            "operatingExpenses": "372000000",
            "investmentIncomeNet": "None",
            "netInterestIncome": "-83000000",
            "interestIncome": "None",
            "interestExpense": "83000000",
            "nonInterestIncome": "1135000000",
            "otherNonOperatingIncome": "0",
            "depreciation": "None",
            "depreciationAndAmortization": "169000000",
            "incomeBeforeTax": "241000000",
            "incomeTaxExpense": "14000000",
            "interestAndDebtExpense": "83000000",
            "netIncomeFromContinuingOperations": "227000000",
            "comprehensiveIncomeNetOfTax": "227000000",
            "ebit": "324000000",
            "ebitda": "493000000",
            "netIncome": "227000000"
        },
        {
            "fiscalDateEnding": "2022-06-30",
            "reportedCurrency": "USD",
            "grossProfit": "536000000",
            "totalRevenue": "865000000",
            "costOfRevenue": "329000000",
            "costofGoodsAndServicesSold": "133000000",
            "operatingIncome": "212000000",
            "sellingGeneralAndAdministrative": "30000000",
            "researchAndDevelopment": "None",
            "operatingExpenses": "362000000",
            "investmentIncomeNet": "None",
            "netInterestIncome": "-78000000",
            "interestIncome": "None",
            "interestExpense": "78000000",
            "nonInterestIncome": "943000000",
            "otherNonOperatingIncome": "0",
            "depreciation": "None",
            "depreciationAndAmortization": "166000000",
            "incomeBeforeTax": "163000000",
            "incomeTaxExpense": "4000000",
            "interestAndDebtExpense": "78000000",
            "netIncomeFromContinuingOperations": "159000000",
            "comprehensiveIncomeNetOfTax": "159000000",
            "ebit": "241000000",
            "ebitda": "407000000",
            "netIncome": "159000000"
        },
        {
            "fiscalDateEnding": "2022-03-31",
            "reportedCurrency": "USD",
            "grossProfit": "659000000",
            "totalRevenue": "994000000",
            "costOfRevenue": "335000000",
            "costofGoodsAndServicesSold": "138000000",
            "operatingIncome": "248000000",
            "sellingGeneralAndAdministrative": "31000000",
            "researchAndDevelopment": "None",
            "operatingExpenses": "350000000",
            "investmentIncomeNet": "None",
            "netInterestIncome": "-74000000",
            "interestIncome": "None",
            "interestExpense": "74000000",
            "nonInterestIncome": "1068000000",
            "otherNonOperatingIncome": "0",
            "depreciation": "None",
            "depreciationAndAmortization": "166000000",
            "incomeBeforeTax": "200000000",
            "incomeTaxExpense": "8000000",
            "interestAndDebtExpense": "74000000",
            "netIncomeFromContinuingOperations": "192000000",
            "comprehensiveIncomeNetOfTax": "192000000",
            "ebit": "274000000",
            "ebitda": "440000000",
            "netIncome": "192000000"
        },
        {
            "fiscalDateEnding": "2021-12-31",
            "reportedCurrency": "USD",
            "grossProfit": "804000000",
            "totalRevenue": "1133000000",
            "costOfRevenue": "329000000",
            "costofGoodsAndServicesSold": "134000000",
            "operatingIncome": "132000000",
            "sellingGeneralAndAdministrative": "31000000",
            "researchAndDevelopment": "None",
            "operatingExpenses": "394000000",
            "investmentIncomeNet": "None",
            "netInterestIncome": "-71000000",
            "interestIncome": "None",
            "interestExpense": "71000000",
            "nonInterestIncome": "927000000",
            "otherNonOperatingIncome": "2000000",
            "depreciation": "None",
            "depreciationAndAmortization": "163000000",
            "incomeBeforeTax": "87000000",
            "incomeTaxExpense": "-8000000",
            "interestAndDebtExpense": "71000000",
            "netIncomeFromContinuingOperations": "95000000",
            "comprehensiveIncomeNetOfTax": "96000000",
            "ebit": "158000000",
            "ebitda": "321000000",
            "netIncome": "95000000"
        },
        {
            "fiscalDateEnding": "2021-09-30",
            "reportedCurrency": "USD",
            "grossProfit": "613000000",
            "totalRevenue": "956000000",
            "costOfRevenue": "343000000",
            "costofGoodsAndServicesSold": "148000000",
            "operatingIncome": "289000000",
            "sellingGeneralAndAdministrative": "30000000",
            "researchAndDevelopment": "None",
            "operatingExpenses": "366000000",
            "investmentIncomeNet": "None",
            "netInterestIncome": "-68000000",
            "interestIncome": "None",
            "interestExpense": "68000000",
            "nonInterestIncome": "1024000000",
            "otherNonOperatingIncome": "-3000000",
            "depreciation": "None",
            "depreciationAndAmortization": "165000000",
            "incomeBeforeTax": "238000000",
            "incomeTaxExpense": "-21000000",
            "interestAndDebtExpense": "68000000",
            "netIncomeFromContinuingOperations": "259000000",
            "comprehensiveIncomeNetOfTax": "259000000",
            "ebit": "306000000",
            "ebitda": "471000000",
            "netIncome": "259000000"
        },
        {
            "fiscalDateEnding": "2021-06-30",
            "reportedCurrency": "USD",
            "grossProfit": "434000000",
            "totalRevenue": "748000000",
            "costOfRevenue": "314000000",
            "costofGoodsAndServicesSold": "121000000",
            "operatingIncome": "176000000",
            "sellingGeneralAndAdministrative": "28000000",
            "researchAndDevelopment": "None",
            "operatingExpenses": "353000000",
            "investmentIncomeNet": "None",
            "netInterestIncome": "-69000000",
            "interestIncome": "None",
            "interestExpense": "69000000",
            "nonInterestIncome": "817000000",
            "otherNonOperatingIncome": "-2000000",
            "depreciation": "None",
            "depreciationAndAmortization": "165000000",
            "incomeBeforeTax": "129000000",
            "incomeTaxExpense": "-17000000",
            "interestAndDebtExpense": "69000000",
            "netIncomeFromContinuingOperations": "146000000",
            "comprehensiveIncomeNetOfTax": "146000000",
            "ebit": "198000000",
            "ebitda": "363000000",
            "netIncome": "146000000"
        },
        {
            "fiscalDateEnding": "2021-03-31",
            "reportedCurrency": "USD",
            "grossProfit": "505000000",
            "totalRevenue": "832000000",
            "costOfRevenue": "327000000",
            "costofGoodsAndServicesSold": "134000000",
            "operatingIncome": "198000000",
            "sellingGeneralAndAdministrative": "29000000",
            "researchAndDevelopment": "None",
            "operatingExpenses": "339000000",
            "investmentIncomeNet": "None",
            "netInterestIncome": "-69000000",
            "interestIncome": "None",
            "interestExpense": "69000000",
            "nonInterestIncome": "901000000",
            "otherNonOperatingIncome": "-2000000",
            "depreciation": "None",
            "depreciationAndAmortization": "164000000",
            "incomeBeforeTax": "146000000",
            "incomeTaxExpense": "-28000000",
            "interestAndDebtExpense": "69000000",
            "netIncomeFromContinuingOperations": "174000000",
            "comprehensiveIncomeNetOfTax": "174000000",
            "ebit": "215000000",
            "ebitda": "379000000",
            "netIncome": "174000000"
        },
        {
            "fiscalDateEnding": "2020-12-31",
            "reportedCurrency": "USD",
            "grossProfit": "706000000",
            "totalRevenue": "1024000000",
            "costOfRevenue": "318000000",
            "costofGoodsAndServicesSold": "123000000",
            "operatingIncome": "112000000",
            "sellingGeneralAndAdministrative": "32000000",
            "researchAndDevelopment": "None",
            "operatingExpenses": "400000000",
            "investmentIncomeNet": "None",
            "netInterestIncome": "-68000000",
            "interestIncome": "None",
            "interestExpense": "68000000",
            "nonInterestIncome": "817000000",
            "otherNonOperatingIncome": "-7000000",
            "depreciation": "None",
            "depreciationAndAmortization": "161000000",
            "incomeBeforeTax": "56000000",
            "incomeTaxExpense": "-10000000",
            "interestAndDebtExpense": "68000000",
            "netIncomeFromContinuingOperations": "66000000",
            "comprehensiveIncomeNetOfTax": "66000000",
            "ebit": "124000000",
            "ebitda": "285000000",
            "netIncome": "66000000"
        },
        {
            "fiscalDateEnding": "2020-09-30",
            "reportedCurrency": "USD",
            "grossProfit": "532000000",
            "totalRevenue": "852000000",
            "costOfRevenue": "320000000",
            "costofGoodsAndServicesSold": "132000000",
            "operatingIncome": "272000000",
            "sellingGeneralAndAdministrative": "32000000",
            "researchAndDevelopment": "None",
            "operatingExpenses": "331000000",
            "investmentIncomeNet": "None",
            "netInterestIncome": "-68000000",
            "interestIncome": "None",
            "interestExpense": "68000000",
            "nonInterestIncome": "920000000",
            "otherNonOperatingIncome": "-3000000",
            "depreciation": "None",
            "depreciationAndAmortization": "156000000",
            "incomeBeforeTax": "229000000",
            "incomeTaxExpense": "-20000000",
            "interestAndDebtExpense": "68000000",
            "netIncomeFromContinuingOperations": "249000000",
            "comprehensiveIncomeNetOfTax": "249000000",
            "ebit": "297000000",
            "ebitda": "453000000",
            "netIncome": "249000000"
        },
        {
            "fiscalDateEnding": "2020-06-30",
            "reportedCurrency": "USD",
            "grossProfit": "440000000",
            "totalRevenue": "693500000",
            "costOfRevenue": "253500000",
            "costofGoodsAndServicesSold": "72000000",
            "operatingIncome": "168000000",
            "sellingGeneralAndAdministrative": "29800000",
            "researchAndDevelopment": "None",
            "operatingExpenses": "341700000",
            "investmentIncomeNet": "None",
            "netInterestIncome": "-69600000",
            "interestIncome": "400000",
            "interestExpense": "70000000",
            "nonInterestIncome": "763100000",
            "otherNonOperatingIncome": "-3000000",
            "depreciation": "None",
            "depreciationAndAmortization": "152000000",
            "incomeBeforeTax": "128000000",
            "incomeTaxExpense": "-8000000",
            "interestAndDebtExpense": "69600000",
            "netIncomeFromContinuingOperations": "136900000",
            "comprehensiveIncomeNetOfTax": "134300000",
            "ebit": "198000000",
            "ebitda": "350000000",
            "netIncome": "136000000"
        },
        {
            "fiscalDateEnding": "2020-03-31",
            "reportedCurrency": "USD",
            "grossProfit": "546300000",
            "totalRevenue": "846800000",
            "costOfRevenue": "300500000",
            "costofGoodsAndServicesSold": "122000000",
            "operatingIncome": "188000000",
            "sellingGeneralAndAdministrative": "30300000",
            "researchAndDevelopment": "None",
            "operatingExpenses": "340500000",
            "investmentIncomeNet": "None",
            "netInterestIncome": "-68900000",
            "interestIncome": "100000",
            "interestExpense": "69000000",
            "nonInterestIncome": "915700000",
            "otherNonOperatingIncome": "-1000000",
            "depreciation": "None",
            "depreciationAndAmortization": "146000000",
            "incomeBeforeTax": "154000000",
            "incomeTaxExpense": "-19000000",
            "interestAndDebtExpense": "68900000",
            "netIncomeFromContinuingOperations": "172600000",
            "comprehensiveIncomeNetOfTax": "173300000",
            "ebit": "223000000",
            "ebitda": "369000000",
            "netIncome": "173000000"
        },
        {
            "fiscalDateEnding": "2019-12-31",
            "reportedCurrency": "USD",
            "grossProfit": "880100000",
            "totalRevenue": "880100000",
            "costOfRevenue": "300600000",
            "costofGoodsAndServicesSold": "118000000",
            "operatingIncome": "160900000",
            "sellingGeneralAndAdministrative": "36900000",
            "researchAndDevelopment": "None",
            "operatingExpenses": "367100000",
            "investmentIncomeNet": "None",
            "netInterestIncome": "-69100000",
            "interestIncome": "-100000",
            "interestExpense": "69000000",
            "nonInterestIncome": "880100000",
            "otherNonOperatingIncome": "-4000000",
            "depreciation": "None",
            "depreciationAndAmortization": "143000000",
            "incomeBeforeTax": "133000000",
            "incomeTaxExpense": "20000000",
            "interestAndDebtExpense": "69100000",
            "netIncomeFromContinuingOperations": "103800000",
            "comprehensiveIncomeNetOfTax": "160900000",
            "ebit": "202000000",
            "ebitda": "345000000",
            "netIncome": "113000000"
        },
        {
            "fiscalDateEnding": "2019-09-30",
            "reportedCurrency": "USD",
            "grossProfit": "615700000",
            "totalRevenue": "990200000",
            "costOfRevenue": "306200000",
            "costofGoodsAndServicesSold": "127000000",
            "operatingIncome": "290000000",
            "sellingGeneralAndAdministrative": "34900000",
            "researchAndDevelopment": "None",
            "operatingExpenses": "352400000",
            "investmentIncomeNet": "None",
            "netInterestIncome": "-68300000",
            "interestIncome": "-300000",
            "interestExpense": "68000000",
            "nonInterestIncome": "990200000",
            "otherNonOperatingIncome": "-4000000",
            "depreciation": "None",
            "depreciationAndAmortization": "144000000",
            "incomeBeforeTax": "252000000",
            "incomeTaxExpense": "23000000",
            "interestAndDebtExpense": "68300000",
            "netIncomeFromContinuingOperations": "228600000",
            "comprehensiveIncomeNetOfTax": "228600000",
            "ebit": "320000000",
            "ebitda": "464000000",
            "netIncome": "229000000"
        },
        {
            "fiscalDateEnding": "2019-06-30",
            "reportedCurrency": "USD",
            "grossProfit": "434700000",
            "totalRevenue": "790200000",
            "costOfRevenue": "286300000",
            "costofGoodsAndServicesSold": "112400000",
            "operatingIncome": "149800000",
            "sellingGeneralAndAdministrative": "31000000",
            "researchAndDevelopment": "None",
            "operatingExpenses": "346200000",
            "investmentIncomeNet": "None",
            "netInterestIncome": "-69200000",
            "interestIncome": "38200000",
            "interestExpense": "69200000",
            "nonInterestIncome": "790200000",
            "otherNonOperatingIncome": "-3300000",
            "depreciation": "None",
            "depreciationAndAmortization": "142900000",
            "incomeBeforeTax": "108300000",
            "incomeTaxExpense": "11200000",
            "interestAndDebtExpense": "69200000",
            "netIncomeFromContinuingOperations": "97100000",
            "comprehensiveIncomeNetOfTax": "95700000",
            "ebit": "177500000",
            "ebitda": "320400000",
            "netIncome": "97100000"
        },
        {
            "fiscalDateEnding": "2019-03-31",
            "reportedCurrency": "USD",
            "grossProfit": "407000000",
            "totalRevenue": "987200000",
            "costOfRevenue": "513900000",
            "costofGoodsAndServicesSold": "123000000",
            "operatingIncome": "176800000",
            "sellingGeneralAndAdministrative": "34000000",
            "researchAndDevelopment": "None",
            "operatingExpenses": "353700000",
            "investmentIncomeNet": "None",
            "netInterestIncome": "-66300000",
            "interestIncome": "30000000",
            "interestExpense": "66300000",
            "nonInterestIncome": "987200000",
            "otherNonOperatingIncome": "-4000000",
            "depreciation": "None",
            "depreciationAndAmortization": "136900000",
            "incomeBeforeTax": "142800000",
            "incomeTaxExpense": "15100000",
            "interestAndDebtExpense": "66300000",
            "netIncomeFromContinuingOperations": "127700000",
            "comprehensiveIncomeNetOfTax": "128400000",
            "ebit": "209100000",
            "ebitda": "346000000",
            "netIncome": "127700000"
        },
        {
            "fiscalDateEnding": "2018-12-31",
            "reportedCurrency": "USD",
            "grossProfit": "873500000",
            "totalRevenue": "873500000",
            "costOfRevenue": "503400000",
            "costofGoodsAndServicesSold": "120800000",
            "operatingIncome": "121400000",
            "sellingGeneralAndAdministrative": "30700000",
            "researchAndDevelopment": "None",
            "operatingExpenses": "344400000",
            "investmentIncomeNet": "None",
            "netInterestIncome": "-63200000",
            "interestIncome": "None",
            "interestExpense": "63200000",
            "nonInterestIncome": "873500000",
            "otherNonOperatingIncome": "-2000000",
            "depreciation": "None",
            "depreciationAndAmortization": "130600000",
            "incomeBeforeTax": "93400000",
            "incomeTaxExpense": "5900000",
            "interestAndDebtExpense": "63200000",
            "netIncomeFromContinuingOperations": "85300000",
            "comprehensiveIncomeNetOfTax": "121400000",
            "ebit": "156600000",
            "ebitda": "287200000",
            "netIncome": "87500000"
        },
        {
            "fiscalDateEnding": "2018-09-30",
            "reportedCurrency": "USD",
            "grossProfit": "348300000",
            "totalRevenue": "928600000",
            "costOfRevenue": "517000000",
            "costofGoodsAndServicesSold": "129100000",
            "operatingIncome": "256100000",
            "sellingGeneralAndAdministrative": "31100000",
            "researchAndDevelopment": "None",
            "operatingExpenses": "308500000",
            "investmentIncomeNet": "None",
            "netInterestIncome": "-63300000",
            "interestIncome": "None",
            "interestExpense": "63300000",
            "nonInterestIncome": "928600000",
            "otherNonOperatingIncome": "-1600000",
            "depreciation": "None",
            "depreciationAndAmortization": "129000000",
            "incomeBeforeTax": "219800000",
            "incomeTaxExpense": "11700000",
            "interestAndDebtExpense": "63300000",
            "netIncomeFromContinuingOperations": "205500000",
            "comprehensiveIncomeNetOfTax": "208100000",
            "ebit": "283100000",
            "ebitda": "412100000",
            "netIncome": "208100000"
        },
        {
            "fiscalDateEnding": "2018-06-30",
            "reportedCurrency": "USD",
            "grossProfit": "331600000",
            "totalRevenue": "816100000",
            "costOfRevenue": "484500000",
            "costofGoodsAndServicesSold": "119700000",
            "operatingIncome": "151200000",
            "sellingGeneralAndAdministrative": "29300000",
            "researchAndDevelopment": "None",
            "operatingExpenses": "314300000",
            "investmentIncomeNet": "None",
            "netInterestIncome": "-61300000",
            "interestIncome": "None",
            "interestExpense": "61300000",
            "nonInterestIncome": "816100000",
            "otherNonOperatingIncome": "-2000000",
            "depreciation": "None",
            "depreciationAndAmortization": "127000000",
            "incomeBeforeTax": "116500000",
            "incomeTaxExpense": "13600000",
            "interestAndDebtExpense": "61300000",
            "netIncomeFromContinuingOperations": "100400000",
            "comprehensiveIncomeNetOfTax": "102900000",
            "ebit": "177800000",
            "ebitda": "304800000",
            "netIncome": "102900000"
        },
        {
            "fiscalDateEnding": "2018-03-31",
            "reportedCurrency": "USD",
            "grossProfit": "436000000",
            "totalRevenue": "916300000",
            "costOfRevenue": "480300000",
            "costofGoodsAndServicesSold": "126400000",
            "operatingIncome": "165700000",
            "sellingGeneralAndAdministrative": "30300000",
            "researchAndDevelopment": "None",
            "operatingExpenses": "313100000",
            "investmentIncomeNet": "None",
            "netInterestIncome": "-59200000",
            "interestIncome": "None",
            "interestExpense": "59200000",
            "nonInterestIncome": "916300000",
            "otherNonOperatingIncome": "-2400000",
            "depreciation": "None",
            "depreciationAndAmortization": "120400000",
            "incomeBeforeTax": "140300000",
            "incomeTaxExpense": "16800000",
            "interestAndDebtExpense": "59200000",
            "netIncomeFromContinuingOperations": "120900000",
            "comprehensiveIncomeNetOfTax": "123500000",
            "ebit": "199500000",
            "ebitda": "319900000",
            "netIncome": "123500000"
        }
    ]
}