{
    "symbol": "MPC",
    "annualReports": [
        {
            "fiscalDateEnding": "2022-12-31",
            "reportedCurrency": "USD",
            "grossProfit": "21683000000",
            "totalRevenue": "176526000000",
            "costOfRevenue": "154843000000",
            "costofGoodsAndServicesSold": "151671000000",
            "operatingIncome": "21469000000",
            "sellingGeneralAndAdministrative": "2772000000",
            "researchAndDevelopment": "None",
            "operatingExpenses": "1626000000",
            "investmentIncomeNet": "221000000",
            "netInterestIncome": "-1245000000",
            "interestIncome": "1004000000",
            "interestExpense": "1245000000",
            "nonInterestIncome": "176393000000",
            "otherNonOperatingIncome": "None",
            "depreciation": "None",
            "depreciationAndAmortization": "397000000",
            "incomeBeforeTax": "19007000000",
            "incomeTaxExpense": "4491000000",
            "interestAndDebtExpense": "1000000000",
            "netIncomeFromContinuingOperations": "14444000000",
            "comprehensiveIncomeNetOfTax": "14585000000",
            "ebit": "21469000000",
            "ebitda": "20649000000",
            "netIncome": "14516000000"
        },
        {
            "fiscalDateEnding": "2021-12-31",
            "reportedCurrency": "USD",
            "grossProfit": "6439000000",
            "totalRevenue": "119456000000",
            "costOfRevenue": "113017000000",
            "costofGoodsAndServicesSold": "110008000000",
            "operatingIncome": "4300000000",
            "sellingGeneralAndAdministrative": "2537000000",
            "researchAndDevelopment": "None",
            "operatingExpenses": "2924000000",
            "investmentIncomeNet": "14000000",
            "netInterestIncome": "-1331000000",
            "interestIncome": "1483000000",
            "interestExpense": "1331000000",
            "nonInterestIncome": "119850000000",
            "otherNonOperatingIncome": "None",
            "depreciation": "None",
            "depreciationAndAmortization": "408000000",
            "incomeBeforeTax": "10002000000",
            "incomeTaxExpense": "264000000",
            "interestAndDebtExpense": "1483000000",
            "netIncomeFromContinuingOperations": "1290000000",
            "comprehensiveIncomeNetOfTax": "10183000000",
            "ebit": "4300000000",
            "ebitda": "11741000000",
            "netIncome": "9738000000"
        },
        {
            "fiscalDateEnding": "2020-12-31",
            "reportedCurrency": "USD",
            "grossProfit": "-8963000000",
            "totalRevenue": "68692000000",
            "costOfRevenue": "77655000000",
            "costofGoodsAndServicesSold": "65733000000",
            "operatingIncome": "-12247000000",
            "sellingGeneralAndAdministrative": "2710000000",
            "researchAndDevelopment": "None",
            "operatingExpenses": "11841000000",
            "investmentIncomeNet": "9000000",
            "netInterestIncome": "-1407000000",
            "interestIncome": "1365000000",
            "interestExpense": "1407000000",
            "nonInterestIncome": "69858000000",
            "otherNonOperatingIncome": "None",
            "depreciation": "None",
            "depreciationAndAmortization": "408000000",
            "incomeBeforeTax": "-12256000000",
            "incomeTaxExpense": "-2430000000",
            "interestAndDebtExpense": "1365000000",
            "netIncomeFromContinuingOperations": "-11031000000",
            "comprehensiveIncomeNetOfTax": "-10018000000",
            "ebit": "-12247000000",
            "ebitda": "-10441000000",
            "netIncome": "-9826000000"
        },
        {
            "fiscalDateEnding": "2019-12-31",
            "reportedCurrency": "USD",
            "grossProfit": "8576000000",
            "totalRevenue": "123949000000",
            "costOfRevenue": "115284000000",
            "costofGoodsAndServicesSold": "99228000000",
            "operatingIncome": "4462000000",
            "sellingGeneralAndAdministrative": "3192000000",
            "researchAndDevelopment": "None",
            "operatingExpenses": "4734000000",
            "investmentIncomeNet": "40000000",
            "netInterestIncome": "-1327000000",
            "interestIncome": "40000000",
            "interestExpense": "1327000000",
            "nonInterestIncome": "124256000000",
            "otherNonOperatingIncome": "None",
            "depreciation": "None",
            "depreciationAndAmortization": "436000000",
            "incomeBeforeTax": "3421000000",
            "incomeTaxExpense": "784000000",
            "interestAndDebtExpense": "1229000000",
            "netIncomeFromContinuingOperations": "3255000000",
            "comprehensiveIncomeNetOfTax": "2461000000",
            "ebit": "4462000000",
            "ebitda": "5184000000",
            "netIncome": "2637000000"
        },
        {
            "fiscalDateEnding": "2018-12-31",
            "reportedCurrency": "USD",
            "grossProfit": "7905000000",
            "totalRevenue": "96504000000",
            "costOfRevenue": "88008000000",
            "costofGoodsAndServicesSold": "77047000000",
            "operatingIncome": "4690000000",
            "sellingGeneralAndAdministrative": "2276000000",
            "researchAndDevelopment": "None",
            "operatingExpenses": "2529000000",
            "investmentIncomeNet": "87000000",
            "netInterestIncome": "-973000000",
            "interestIncome": "87000000",
            "interestExpense": "973000000",
            "nonInterestIncome": "95930000000",
            "otherNonOperatingIncome": "None",
            "depreciation": "None",
            "depreciationAndAmortization": "134000000",
            "incomeBeforeTax": "3544000000",
            "incomeTaxExpense": "764000000",
            "interestAndDebtExpense": "993000000",
            "netIncomeFromContinuingOperations": "3606000000",
            "comprehensiveIncomeNetOfTax": "2867000000",
            "ebit": "4690000000",
            "ebitda": "4651000000",
            "netIncome": "2780000000"
        }
    ],
    "quarterlyReports": [
        {
            "fiscalDateEnding": "2022-12-31",
            "reportedCurrency": "USD",
            "grossProfit": "2925000000",
            "totalRevenue": "37659000000",
            "costOfRevenue": "34734000000",
            "costofGoodsAndServicesSold": "33575000000",
            "operatingIncome": "4739000000",
            "sellingGeneralAndAdministrative": "763000000",
            "researchAndDevelopment": "None",
            "operatingExpenses": "1171000000",
            "investmentIncomeNet": "139000000",
            "netInterestIncome": "-356000000",
            "interestIncome": "197000000",
            "interestExpense": "356000000",
            "nonInterestIncome": "37695000000",
            "otherNonOperatingIncome": "None",
            "depreciation": "None",
            "depreciationAndAmortization": "797000000",
            "incomeBeforeTax": "4305000000",
            "incomeTaxExpense": "984000000",
            "interestAndDebtExpense": "186000000",
            "netIncomeFromContinuingOperations": "3249000000",
            "comprehensiveIncomeNetOfTax": "3502000000",
            "ebit": "4739000000",
            "ebitda": "4916000000",
            "netIncome": "3321000000"
        },
        {
            "fiscalDateEnding": "2022-09-30",
            "reportedCurrency": "USD",
            "grossProfit": "7382000000",
            "totalRevenue": "46908000000",
            "costOfRevenue": "39526000000",
            "costofGoodsAndServicesSold": "38821000000",
            "operatingIncome": "6686000000",
            "sellingGeneralAndAdministrative": "712000000",
            "researchAndDevelopment": "None",
            "operatingExpenses": "-367000000",
            "investmentIncomeNet": "59000000",
            "netInterestIncome": "-303000000",
            "interestIncome": "244000000",
            "interestExpense": "303000000",
            "nonInterestIncome": "46845000000",
            "otherNonOperatingIncome": "None",
            "depreciation": "None",
            "depreciationAndAmortization": "794000000",
            "incomeBeforeTax": "5903000000",
            "incomeTaxExpense": "1426000000",
            "interestAndDebtExpense": "240000000",
            "netIncomeFromContinuingOperations": "4477000000",
            "comprehensiveIncomeNetOfTax": "4363000000",
            "ebit": "6686000000",
            "ebitda": "7000000000",
            "netIncome": "4477000000"
        },
        {
            "fiscalDateEnding": "2022-06-30",
            "reportedCurrency": "USD",
            "grossProfit": "8841000000",
            "totalRevenue": "53774000000",
            "costOfRevenue": "44933000000",
            "costofGoodsAndServicesSold": "44207000000",
            "operatingIncome": "8328000000",
            "sellingGeneralAndAdministrative": "694000000",
            "researchAndDevelopment": "None",
            "operatingExpenses": "655000000",
            "investmentIncomeNet": "18000000",
            "netInterestIncome": "-299000000",
            "interestIncome": "18000000",
            "interestExpense": "299000000",
            "nonInterestIncome": "53795000000",
            "otherNonOperatingIncome": "None",
            "depreciation": "None",
            "depreciationAndAmortization": "819000000",
            "incomeBeforeTax": "7672000000",
            "incomeTaxExpense": "1799000000",
            "interestAndDebtExpense": "312000000",
            "netIncomeFromContinuingOperations": "5873000000",
            "comprehensiveIncomeNetOfTax": "5882000000",
            "ebit": "8328000000",
            "ebitda": "8790000000",
            "netIncome": "5873000000"
        },
        {
            "fiscalDateEnding": "2022-03-31",
            "reportedCurrency": "USD",
            "grossProfit": "2341000000",
            "totalRevenue": "37991000000",
            "costOfRevenue": "35650000000",
            "costofGoodsAndServicesSold": "35068000000",
            "operatingIncome": "1716000000",
            "sellingGeneralAndAdministrative": "603000000",
            "researchAndDevelopment": "None",
            "operatingExpenses": "648000000",
            "investmentIncomeNet": "5000000",
            "netInterestIncome": "-288000000",
            "interestIncome": "5000000",
            "interestExpense": "288000000",
            "nonInterestIncome": "38058000000",
            "otherNonOperatingIncome": "None",
            "depreciation": "None",
            "depreciationAndAmortization": "805000000",
            "incomeBeforeTax": "1127000000",
            "incomeTaxExpense": "282000000",
            "interestAndDebtExpense": "262000000",
            "netIncomeFromContinuingOperations": "845000000",
            "comprehensiveIncomeNetOfTax": "838000000",
            "ebit": "1716000000",
            "ebitda": "2219000000",
            "netIncome": "845000000"
        },
        {
            "fiscalDateEnding": "2021-12-31",
            "reportedCurrency": "USD",
            "grossProfit": "2111000000",
            "totalRevenue": "35357000000",
            "costOfRevenue": "33246000000",
            "costofGoodsAndServicesSold": "32184000000",
            "operatingIncome": "1778000000",
            "sellingGeneralAndAdministrative": "656000000",
            "researchAndDevelopment": "None",
            "operatingExpenses": "1046000000",
            "investmentIncomeNet": "6000000",
            "netInterestIncome": "-336000000",
            "interestIncome": "430000000",
            "interestExpense": "336000000",
            "nonInterestIncome": "35200000000",
            "otherNonOperatingIncome": "None",
            "depreciation": "None",
            "depreciationAndAmortization": "813000000",
            "incomeBeforeTax": "1017000000",
            "incomeTaxExpense": "243000000",
            "interestAndDebtExpense": "430000000",
            "netIncomeFromContinuingOperations": "774000000",
            "comprehensiveIncomeNetOfTax": "1051000000",
            "ebit": "1778000000",
            "ebitda": "2132000000",
            "netIncome": "774000000"
        },
        {
            "fiscalDateEnding": "2021-09-30",
            "reportedCurrency": "USD",
            "grossProfit": "1927000000",
            "totalRevenue": "32181000000",
            "costOfRevenue": "30254000000",
            "costofGoodsAndServicesSold": "29563000000",
            "operatingIncome": "1340000000",
            "sellingGeneralAndAdministrative": "681000000",
            "researchAndDevelopment": "None",
            "operatingExpenses": "681000000",
            "investmentIncomeNet": "5000000",
            "netInterestIncome": "-323000000",
            "interestIncome": "5000000",
            "interestExpense": "323000000",
            "nonInterestIncome": "32321000000",
            "otherNonOperatingIncome": "None",
            "depreciation": "None",
            "depreciationAndAmortization": "836000000",
            "incomeBeforeTax": "676000000",
            "incomeTaxExpense": "-18000000",
            "interestAndDebtExpense": "328000000",
            "netIncomeFromContinuingOperations": "694000000",
            "comprehensiveIncomeNetOfTax": "690000000",
            "ebit": "1340000000",
            "ebitda": "1825000000",
            "netIncome": "694000000"
        },
        {
            "fiscalDateEnding": "2021-06-30",
            "reportedCurrency": "USD",
            "grossProfit": "1569000000",
            "totalRevenue": "29427000000",
            "costOfRevenue": "27858000000",
            "costofGoodsAndServicesSold": "27177000000",
            "operatingIncome": "965000000",
            "sellingGeneralAndAdministrative": "625000000",
            "researchAndDevelopment": "None",
            "operatingExpenses": "625000000",
            "investmentIncomeNet": "2000000",
            "netInterestIncome": "-318000000",
            "interestIncome": "2000000",
            "interestExpense": "318000000",
            "nonInterestIncome": "29615000000",
            "otherNonOperatingIncome": "None",
            "depreciation": "None",
            "depreciationAndAmortization": "871000000",
            "incomeBeforeTax": "8517000000",
            "incomeTaxExpense": "5000000",
            "interestAndDebtExpense": "372000000",
            "netIncomeFromContinuingOperations": "298000000",
            "comprehensiveIncomeNetOfTax": "8683000000",
            "ebit": "965000000",
            "ebitda": "9706000000",
            "netIncome": "8512000000"
        },
        {
            "fiscalDateEnding": "2021-03-31",
            "reportedCurrency": "USD",
            "grossProfit": "821000000",
            "totalRevenue": "22480000000",
            "costOfRevenue": "21659000000",
            "costofGoodsAndServicesSold": "21084000000",
            "operatingIncome": "217000000",
            "sellingGeneralAndAdministrative": "575000000",
            "researchAndDevelopment": "None",
            "operatingExpenses": "572000000",
            "investmentIncomeNet": "1000000",
            "netInterestIncome": "-354000000",
            "interestIncome": "353000000",
            "interestExpense": "354000000",
            "nonInterestIncome": "22714000000",
            "otherNonOperatingIncome": "None",
            "depreciation": "None",
            "depreciationAndAmortization": "844000000",
            "incomeBeforeTax": "-208000000",
            "incomeTaxExpense": "34000000",
            "interestAndDebtExpense": "353000000",
            "netIncomeFromContinuingOperations": "-476000000",
            "comprehensiveIncomeNetOfTax": "-241000000",
            "ebit": "217000000",
            "ebitda": "970000000",
            "netIncome": "-242000000"
        },
        {
            "fiscalDateEnding": "2020-12-31",
            "reportedCurrency": "USD",
            "grossProfit": "17972000000",
            "totalRevenue": "17972000000",
            "costOfRevenue": "18428000000",
            "costofGoodsAndServicesSold": "17216000000",
            "operatingIncome": "390000000",
            "sellingGeneralAndAdministrative": "630000000",
            "researchAndDevelopment": "None",
            "operatingExpenses": "1139000000",
            "investmentIncomeNet": "0",
            "netInterestIncome": "-368000000",
            "interestIncome": "333000000",
            "interestExpense": "368000000",
            "nonInterestIncome": "17972000000",
            "otherNonOperatingIncome": "None",
            "depreciation": "None",
            "depreciationAndAmortization": "849000000",
            "incomeBeforeTax": "92000000",
            "incomeTaxExpense": "-193000000",
            "interestAndDebtExpense": "333000000",
            "netIncomeFromContinuingOperations": "250000000",
            "comprehensiveIncomeNetOfTax": "107000000",
            "ebit": "390000000",
            "ebitda": "1275000000",
            "netIncome": "285000000"
        },
        {
            "fiscalDateEnding": "2020-09-30",
            "reportedCurrency": "USD",
            "grossProfit": "-1021000000",
            "totalRevenue": "17112000000",
            "costOfRevenue": "18133000000",
            "costofGoodsAndServicesSold": "16673000000",
            "operatingIncome": "-1057000000",
            "sellingGeneralAndAdministrative": "673000000",
            "researchAndDevelopment": "None",
            "operatingExpenses": "1453000000",
            "investmentIncomeNet": "1000000",
            "netInterestIncome": "-354000000",
            "interestIncome": "343000000",
            "interestExpense": "354000000",
            "nonInterestIncome": "17409000000",
            "otherNonOperatingIncome": "None",
            "depreciation": "None",
            "depreciationAndAmortization": "629000000",
            "incomeBeforeTax": "-1322000000",
            "incomeTaxExpense": "-436000000",
            "interestAndDebtExpense": "359000000",
            "netIncomeFromContinuingOperations": "-1257000000",
            "comprehensiveIncomeNetOfTax": "-884000000",
            "ebit": "-1057000000",
            "ebitda": "-349000000",
            "netIncome": "-886000000"
        },
        {
            "fiscalDateEnding": "2020-06-30",
            "reportedCurrency": "USD",
            "grossProfit": "304000000",
            "totalRevenue": "14852000000",
            "costOfRevenue": "14548000000",
            "costofGoodsAndServicesSold": "11502000000",
            "operatingIncome": "575000000",
            "sellingGeneralAndAdministrative": "665000000",
            "researchAndDevelopment": "None",
            "operatingExpenses": "769000000",
            "investmentIncomeNet": "2000000",
            "netInterestIncome": "-347000000",
            "interestIncome": "2000000",
            "interestExpense": "347000000",
            "nonInterestIncome": "15026000000",
            "otherNonOperatingIncome": "None",
            "depreciation": "None",
            "depreciationAndAmortization": "935000000",
            "incomeBeforeTax": "159000000",
            "incomeTaxExpense": "150000000",
            "interestAndDebtExpense": "341000000",
            "netIncomeFromContinuingOperations": "276000000",
            "comprehensiveIncomeNetOfTax": "-1000000",
            "ebit": "575000000",
            "ebitda": "1642000000",
            "netIncome": "9000000"
        },
        {
            "fiscalDateEnding": "2020-03-31",
            "reportedCurrency": "USD",
            "grossProfit": "-6353000000",
            "totalRevenue": "25108000000",
            "costOfRevenue": "31461000000",
            "costofGoodsAndServicesSold": "20342000000",
            "operatingIncome": "-12155000000",
            "sellingGeneralAndAdministrative": "742000000",
            "researchAndDevelopment": "None",
            "operatingExpenses": "8639000000",
            "investmentIncomeNet": "6000000",
            "netInterestIncome": "-347000000",
            "interestIncome": "6000000",
            "interestExpense": "347000000",
            "nonInterestIncome": "25219000000",
            "otherNonOperatingIncome": "None",
            "depreciation": "None",
            "depreciationAndAmortization": "962000000",
            "incomeBeforeTax": "-11185000000",
            "incomeTaxExpense": "-1951000000",
            "interestAndDebtExpense": "332000000",
            "netIncomeFromContinuingOperations": "-10218000000",
            "comprehensiveIncomeNetOfTax": "-9240000000",
            "ebit": "-12155000000",
            "ebitda": "-9888000000",
            "netIncome": "-9234000000"
        },
        {
            "fiscalDateEnding": "2019-12-31",
            "reportedCurrency": "USD",
            "grossProfit": "31092000000",
            "totalRevenue": "31092000000",
            "costOfRevenue": "29678000000",
            "costofGoodsAndServicesSold": "24602000000",
            "operatingIncome": "558000000",
            "sellingGeneralAndAdministrative": "779000000",
            "researchAndDevelopment": "None",
            "operatingExpenses": "2292000000",
            "investmentIncomeNet": "10000000",
            "netInterestIncome": "-326000000",
            "interestIncome": "10000000",
            "interestExpense": "326000000",
            "nonInterestIncome": "28008000000",
            "otherNonOperatingIncome": "None",
            "depreciation": "None",
            "depreciationAndAmortization": "390000000",
            "incomeBeforeTax": "627000000",
            "incomeTaxExpense": "184000000",
            "interestAndDebtExpense": "297000000",
            "netIncomeFromContinuingOperations": "841000000",
            "comprehensiveIncomeNetOfTax": "335000000",
            "ebit": "558000000",
            "ebitda": "1343000000",
            "netIncome": "443000000"
        },
        {
            "fiscalDateEnding": "2019-09-30",
            "reportedCurrency": "USD",
            "grossProfit": "2779000000",
            "totalRevenue": "31043000000",
            "costOfRevenue": "28150000000",
            "costofGoodsAndServicesSold": "24345000000",
            "operatingIncome": "1680000000",
            "sellingGeneralAndAdministrative": "761000000",
            "researchAndDevelopment": "None",
            "operatingExpenses": "846000000",
            "investmentIncomeNet": "12000000",
            "netInterestIncome": "-335000000",
            "interestIncome": "12000000",
            "interestExpense": "335000000",
            "nonInterestIncome": "31047000000",
            "otherNonOperatingIncome": "None",
            "depreciation": "None",
            "depreciationAndAmortization": "17000000",
            "incomeBeforeTax": "1350000000",
            "incomeTaxExpense": "255000000",
            "interestAndDebtExpense": "312000000",
            "netIncomeFromContinuingOperations": "1367000000",
            "comprehensiveIncomeNetOfTax": "1044000000",
            "ebit": "1680000000",
            "ebitda": "1702000000",
            "netIncome": "1095000000"
        },
        {
            "fiscalDateEnding": "2019-06-30",
            "reportedCurrency": "USD",
            "grossProfit": "2829000000",
            "totalRevenue": "33547000000",
            "costOfRevenue": "30601000000",
            "costofGoodsAndServicesSold": "29682000000",
            "operatingIncome": "1698000000",
            "sellingGeneralAndAdministrative": "886000000",
            "researchAndDevelopment": "None",
            "operatingExpenses": "915000000",
            "investmentIncomeNet": "9000000",
            "netInterestIncome": "-337000000",
            "interestIncome": "9000000",
            "interestExpense": "337000000",
            "nonInterestIncome": "33551000000",
            "otherNonOperatingIncome": "None",
            "depreciation": "None",
            "depreciationAndAmortization": "15000000",
            "incomeBeforeTax": "1459000000",
            "incomeTaxExpense": "353000000",
            "interestAndDebtExpense": "322000000",
            "netIncomeFromContinuingOperations": "1367000000",
            "comprehensiveIncomeNetOfTax": "1096000000",
            "ebit": "1698000000",
            "ebitda": "1811000000",
            "netIncome": "1106000000"
        },
        {
            "fiscalDateEnding": "2019-03-31",
            "reportedCurrency": "USD",
            "grossProfit": "1621000000",
            "totalRevenue": "28267000000",
            "costOfRevenue": "26637000000",
            "costofGoodsAndServicesSold": "25960000000",
            "operatingIncome": "526000000",
            "sellingGeneralAndAdministrative": "867000000",
            "researchAndDevelopment": "None",
            "operatingExpenses": "667000000",
            "investmentIncomeNet": "9000000",
            "netInterestIncome": "-318000000",
            "interestIncome": "299000000",
            "interestExpense": "318000000",
            "nonInterestIncome": "28355000000",
            "otherNonOperatingIncome": "None",
            "depreciation": "None",
            "depreciationAndAmortization": "14000000",
            "incomeBeforeTax": "97000000",
            "incomeTaxExpense": "104000000",
            "interestAndDebtExpense": "306000000",
            "netIncomeFromContinuingOperations": "259000000",
            "comprehensiveIncomeNetOfTax": "-14000000",
            "ebit": "526000000",
            "ebitda": "429000000",
            "netIncome": "-7000000"
        },
        {
            "fiscalDateEnding": "2018-12-31",
            "reportedCurrency": "USD",
            "grossProfit": "32333000000",
            "totalRevenue": "32333000000",
            "costOfRevenue": "29393000000",
            "costofGoodsAndServicesSold": "19275000000",
            "operatingIncome": "2017000000",
            "sellingGeneralAndAdministrative": "1005000000",
            "researchAndDevelopment": "None",
            "operatingExpenses": "1264000000",
            "investmentIncomeNet": "16000000",
            "netInterestIncome": "-335000000",
            "interestIncome": "None",
            "interestExpense": "335000000",
            "nonInterestIncome": "32329000000",
            "otherNonOperatingIncome": "None",
            "depreciation": "None",
            "depreciationAndAmortization": "874000000",
            "incomeBeforeTax": "1190000000",
            "incomeTaxExpense": "239000000",
            "interestAndDebtExpense": "375000000",
            "netIncomeFromContinuingOperations": "2017000000",
            "comprehensiveIncomeNetOfTax": "975000000",
            "ebit": "2017000000",
            "ebitda": "2588000000",
            "netIncome": "951000000"
        },
        {
            "fiscalDateEnding": "2018-09-30",
            "reportedCurrency": "USD",
            "grossProfit": "1913000000",
            "totalRevenue": "22988000000",
            "costOfRevenue": "20902000000",
            "costofGoodsAndServicesSold": "20606000000",
            "operatingIncome": "1403000000",
            "sellingGeneralAndAdministrative": "445000000",
            "researchAndDevelopment": "None",
            "operatingExpenses": "444000000",
            "investmentIncomeNet": "26000000",
            "netInterestIncome": "-221000000",
            "interestIncome": "None",
            "interestExpense": "221000000",
            "nonInterestIncome": "22788000000",
            "otherNonOperatingIncome": "None",
            "depreciation": "None",
            "depreciationAndAmortization": "555000000",
            "incomeBeforeTax": "959000000",
            "incomeTaxExpense": "222000000",
            "interestAndDebtExpense": "240000000",
            "netIncomeFromContinuingOperations": "941000000",
            "comprehensiveIncomeNetOfTax": "802000000",
            "ebit": "1403000000",
            "ebitda": "1726000000",
            "netIncome": "737000000"
        },
        {
            "fiscalDateEnding": "2018-06-30",
            "reportedCurrency": "USD",
            "grossProfit": "2204000000",
            "totalRevenue": "22317000000",
            "costOfRevenue": "19941000000",
            "costofGoodsAndServicesSold": "19655000000",
            "operatingIncome": "1711000000",
            "sellingGeneralAndAdministrative": "424000000",
            "researchAndDevelopment": "None",
            "operatingExpenses": "421000000",
            "investmentIncomeNet": "25000000",
            "netInterestIncome": "-220000000",
            "interestIncome": "None",
            "interestExpense": "220000000",
            "nonInterestIncome": "22121000000",
            "otherNonOperatingIncome": "None",
            "depreciation": "None",
            "depreciationAndAmortization": "533000000",
            "incomeBeforeTax": "1336000000",
            "incomeTaxExpense": "281000000",
            "interestAndDebtExpense": "195000000",
            "netIncomeFromContinuingOperations": "1235000000",
            "comprehensiveIncomeNetOfTax": "1055000000",
            "ebit": "1711000000",
            "ebitda": "2082000000",
            "netIncome": "1055000000"
        },
        {
            "fiscalDateEnding": "2018-03-31",
            "reportedCurrency": "USD",
            "grossProfit": "923000000",
            "totalRevenue": "18866000000",
            "costOfRevenue": "17776000000",
            "costofGoodsAndServicesSold": "17370000000",
            "operatingIncome": "440000000",
            "sellingGeneralAndAdministrative": "402000000",
            "researchAndDevelopment": "None",
            "operatingExpenses": "400000000",
            "investmentIncomeNet": "20000000",
            "netInterestIncome": "-195000000",
            "interestIncome": "None",
            "interestExpense": "195000000",
            "nonInterestIncome": "-2000000",
            "otherNonOperatingIncome": "None",
            "depreciation": "None",
            "depreciationAndAmortization": "528000000",
            "incomeBeforeTax": "59000000",
            "incomeTaxExpense": "22000000",
            "interestAndDebtExpense": "183000000",
            "netIncomeFromContinuingOperations": "235000000",
            "comprehensiveIncomeNetOfTax": "35000000",
            "ebit": "440000000",
            "ebitda": "782000000",
            "netIncome": "37000000"
        }
    ]
}