{
    "symbol": "MU",
    "annualReports": [
        {
            "fiscalDateEnding": "2022-09-01",
            "reportedCurrency": "USD",
            "grossProfit": "13898000000",
            "totalRevenue": "30758000000",
            "costOfRevenue": "16860000000",
            "costofGoodsAndServicesSold": "16860000000",
            "operatingIncome": "9702000000",
            "sellingGeneralAndAdministrative": "1066000000",
            "researchAndDevelopment": "3116000000",
            "operatingExpenses": "4189000000",
            "investmentIncomeNet": "96000000",
            "netInterestIncome": "-93000000",
            "interestIncome": "96000000",
            "interestExpense": "189000000",
            "nonInterestIncome": "None",
            "otherNonOperatingIncome": "-38000000",
            "depreciation": "7030000000",
            "depreciationAndAmortization": "7116000000",
            "incomeBeforeTax": "9575000000",
            "incomeTaxExpense": "888000000",
            "interestAndDebtExpense": "None",
            "netIncomeFromContinuingOperations": "8687000000",
            "comprehensiveIncomeNetOfTax": "8125000000",
            "ebit": "9764000000",
            "ebitda": "16880000000",
            "netIncome": "8687000000"
        },
        {
            "fiscalDateEnding": "2021-09-02",
            "reportedCurrency": "USD",
            "grossProfit": "10423000000",
            "totalRevenue": "27545000000",
            "costOfRevenue": "18815000000",
            "costofGoodsAndServicesSold": "17282000000",
            "operatingIncome": "6283000000",
            "sellingGeneralAndAdministrative": "894000000",
            "researchAndDevelopment": "2663000000",
            "operatingExpenses": "4172000000",
            "investmentIncomeNet": "37000000",
            "netInterestIncome": "-183000000",
            "interestIncome": "37000000",
            "interestExpense": "183000000",
            "nonInterestIncome": "27728000000",
            "otherNonOperatingIncome": "81000000",
            "depreciation": "6130000000",
            "depreciationAndAmortization": "151000000",
            "incomeBeforeTax": "6255000000",
            "incomeTaxExpense": "394000000",
            "interestAndDebtExpense": "184000000",
            "netIncomeFromContinuingOperations": "5861000000",
            "comprehensiveIncomeNetOfTax": "5792000000",
            "ebit": "6438000000",
            "ebitda": "6589000000",
            "netIncome": "5861000000"
        },
        {
            "fiscalDateEnding": "2020-09-03",
            "reportedCurrency": "USD",
            "grossProfit": "6552000000",
            "totalRevenue": "21284000000",
            "costOfRevenue": "16042000000",
            "costofGoodsAndServicesSold": "14883000000",
            "operatingIncome": "3003000000",
            "sellingGeneralAndAdministrative": "881000000",
            "researchAndDevelopment": "2600000000",
            "operatingExpenses": "3756000000",
            "investmentIncomeNet": "114000000",
            "netInterestIncome": "-194000000",
            "interestIncome": "114000000",
            "interestExpense": "194000000",
            "nonInterestIncome": "21478000000",
            "otherNonOperatingIncome": "60000000",
            "depreciation": "5570000000",
            "depreciationAndAmortization": "218000000",
            "incomeBeforeTax": "2967000000",
            "incomeTaxExpense": "280000000",
            "interestAndDebtExpense": "154000000",
            "netIncomeFromContinuingOperations": "2710000000",
            "comprehensiveIncomeNetOfTax": "2749000000",
            "ebit": "3161000000",
            "ebitda": "3379000000",
            "netIncome": "2687000000"
        },
        {
            "fiscalDateEnding": "2019-08-29",
            "reportedCurrency": "USD",
            "grossProfit": "10702000000",
            "totalRevenue": "22830000000",
            "costOfRevenue": "13511000000",
            "costofGoodsAndServicesSold": "12704000000",
            "operatingIncome": "7376000000",
            "sellingGeneralAndAdministrative": "836000000",
            "researchAndDevelopment": "2441000000",
            "operatingExpenses": "3291000000",
            "investmentIncomeNet": "205000000",
            "netInterestIncome": "-128000000",
            "interestIncome": "205000000",
            "interestExpense": "128000000",
            "nonInterestIncome": "22958000000",
            "otherNonOperatingIncome": "-405000000",
            "depreciation": "5340000000",
            "depreciationAndAmortization": "82000000",
            "incomeBeforeTax": "7006000000",
            "incomeTaxExpense": "693000000",
            "interestAndDebtExpense": "524000000",
            "netIncomeFromContinuingOperations": "6358000000",
            "comprehensiveIncomeNetOfTax": "6312000000",
            "ebit": "7134000000",
            "ebitda": "7216000000",
            "netIncome": "6313000000"
        },
        {
            "fiscalDateEnding": "2018-08-30",
            "reportedCurrency": "USD",
            "grossProfit": "17891000000",
            "totalRevenue": "30391000000",
            "costOfRevenue": "12500000000",
            "costofGoodsAndServicesSold": "12500000000",
            "operatingIncome": "14994000000",
            "sellingGeneralAndAdministrative": "813000000",
            "researchAndDevelopment": "2141000000",
            "operatingExpenses": "2886000000",
            "investmentIncomeNet": "120000000",
            "netInterestIncome": "-342000000",
            "interestIncome": "120000000",
            "interestExpense": "342000000",
            "nonInterestIncome": "-364000000",
            "otherNonOperatingIncome": "-465000000",
            "depreciation": "4660000000",
            "depreciationAndAmortization": "4759000000",
            "incomeBeforeTax": "14303000000",
            "incomeTaxExpense": "168000000",
            "interestAndDebtExpense": "727000000",
            "netIncomeFromContinuingOperations": "14138000000",
            "comprehensiveIncomeNetOfTax": "14116000000",
            "ebit": "14645000000",
            "ebitda": "19404000000",
            "netIncome": "14135000000"
        }
    ],
    "quarterlyReports": [
        {
            "fiscalDateEnding": "2022-12-01",
            "reportedCurrency": "USD",
            "grossProfit": "893000000",
            "totalRevenue": "4085000000",
            "costOfRevenue": "3192000000",
            "costofGoodsAndServicesSold": "3192000000",
            "operatingIncome": "-209000000",
            "sellingGeneralAndAdministrative": "251000000",
            "researchAndDevelopment": "849000000",
            "operatingExpenses": "1100000000",
            "investmentIncomeNet": "88000000",
            "netInterestIncome": "37000000",
            "interestIncome": "88000000",
            "interestExpense": "51000000",
            "nonInterestIncome": "None",
            "otherNonOperatingIncome": "-4000000",
            "depreciation": "None",
            "depreciationAndAmortization": "1921000000",
            "incomeBeforeTax": "-187000000",
            "incomeTaxExpense": "8000000",
            "interestAndDebtExpense": "None",
            "netIncomeFromContinuingOperations": "-184000000",
            "comprehensiveIncomeNetOfTax": "-108000000",
            "ebit": "-136000000",
            "ebitda": "1785000000",
            "netIncome": "-195000000"
        },
        {
            "fiscalDateEnding": "2022-09-01",
            "reportedCurrency": "USD",
            "grossProfit": "2622000000",
            "totalRevenue": "6643000000",
            "costOfRevenue": "4021000000",
            "costofGoodsAndServicesSold": "4021000000",
            "operatingIncome": "1521000000",
            "sellingGeneralAndAdministrative": "280000000",
            "researchAndDevelopment": "839000000",
            "operatingExpenses": "1137000000",
            "investmentIncomeNet": "54000000",
            "netInterestIncome": "9000000",
            "interestIncome": "54000000",
            "interestExpense": "45000000",
            "nonInterestIncome": "None",
            "otherNonOperatingIncome": "23000000",
            "depreciation": "None",
            "depreciationAndAmortization": "1882000000",
            "incomeBeforeTax": "1548000000",
            "incomeTaxExpense": "56000000",
            "interestAndDebtExpense": "None",
            "netIncomeFromContinuingOperations": "1492000000",
            "comprehensiveIncomeNetOfTax": "1296000000",
            "ebit": "1593000000",
            "ebitda": "3475000000",
            "netIncome": "1492000000"
        },
        {
            "fiscalDateEnding": "2022-06-02",
            "reportedCurrency": "USD",
            "grossProfit": "4035000000",
            "totalRevenue": "8642000000",
            "costOfRevenue": "4607000000",
            "costofGoodsAndServicesSold": "4607000000",
            "operatingIncome": "3004000000",
            "sellingGeneralAndAdministrative": "264000000",
            "researchAndDevelopment": "773000000",
            "operatingExpenses": "1031000000",
            "investmentIncomeNet": "20000000",
            "netInterestIncome": "-24000000",
            "interestIncome": "20000000",
            "interestExpense": "44000000",
            "nonInterestIncome": "None",
            "otherNonOperatingIncome": "8000000",
            "depreciation": "None",
            "depreciationAndAmortization": "1821000000",
            "incomeBeforeTax": "2984000000",
            "incomeTaxExpense": "358000000",
            "interestAndDebtExpense": "None",
            "netIncomeFromContinuingOperations": "2630000000",
            "comprehensiveIncomeNetOfTax": "2400000000",
            "ebit": "3028000000",
            "ebitda": "4849000000",
            "netIncome": "2626000000"
        },
        {
            "fiscalDateEnding": "2022-03-03",
            "reportedCurrency": "USD",
            "grossProfit": "3676000000",
            "totalRevenue": "7786000000",
            "costOfRevenue": "4110000000",
            "costofGoodsAndServicesSold": "4110000000",
            "operatingIncome": "2546000000",
            "sellingGeneralAndAdministrative": "263000000",
            "researchAndDevelopment": "792000000",
            "operatingExpenses": "1125000000",
            "investmentIncomeNet": "12000000",
            "netInterestIncome": "-43000000",
            "interestIncome": "12000000",
            "interestExpense": "55000000",
            "nonInterestIncome": "None",
            "otherNonOperatingIncome": "6000000",
            "depreciation": "None",
            "depreciationAndAmortization": "1742000000",
            "incomeBeforeTax": "2518000000",
            "incomeTaxExpense": "255000000",
            "interestAndDebtExpense": "None",
            "netIncomeFromContinuingOperations": "2263000000",
            "comprehensiveIncomeNetOfTax": "2216000000",
            "ebit": "2573000000",
            "ebitda": "4315000000",
            "netIncome": "2263000000"
        },
        {
            "fiscalDateEnding": "2021-12-02",
            "reportedCurrency": "USD",
            "grossProfit": "3565000000",
            "totalRevenue": "7559000000",
            "costOfRevenue": "4464000000",
            "costofGoodsAndServicesSold": "4122000000",
            "operatingIncome": "2631000000",
            "sellingGeneralAndAdministrative": "259000000",
            "researchAndDevelopment": "712000000",
            "operatingExpenses": "1054000000",
            "investmentIncomeNet": "10000000",
            "netInterestIncome": "-45000000",
            "interestIncome": "10000000",
            "interestExpense": "45000000",
            "nonInterestIncome": "-83000000",
            "otherNonOperatingIncome": "-75000000",
            "depreciation": "None",
            "depreciationAndAmortization": "45000000",
            "incomeBeforeTax": "2525000000",
            "incomeTaxExpense": "219000000",
            "interestAndDebtExpense": "83000000",
            "netIncomeFromContinuingOperations": "-83000000",
            "comprehensiveIncomeNetOfTax": "2213000000",
            "ebit": "2570000000",
            "ebitda": "2615000000",
            "netIncome": "2306000000"
        },
        {
            "fiscalDateEnding": "2021-09-02",
            "reportedCurrency": "USD",
            "grossProfit": "3912000000",
            "totalRevenue": "8251000000",
            "costOfRevenue": "4660000000",
            "costofGoodsAndServicesSold": "4362000000",
            "operatingIncome": "2955000000",
            "sellingGeneralAndAdministrative": "236000000",
            "researchAndDevelopment": "705000000",
            "operatingExpenses": "979000000",
            "investmentIncomeNet": "9000000",
            "netInterestIncome": "-47000000",
            "interestIncome": "9000000",
            "interestExpense": "47000000",
            "nonInterestIncome": "8298000000",
            "otherNonOperatingIncome": "19000000",
            "depreciation": "None",
            "depreciationAndAmortization": "40000000",
            "incomeBeforeTax": "2950000000",
            "incomeTaxExpense": "230000000",
            "interestAndDebtExpense": "47000000",
            "netIncomeFromContinuingOperations": "2720000000",
            "comprehensiveIncomeNetOfTax": "2675000000",
            "ebit": "2997000000",
            "ebitda": "3037000000",
            "netIncome": "2720000000"
        },
        {
            "fiscalDateEnding": "2021-06-03",
            "reportedCurrency": "USD",
            "grossProfit": "3126000000",
            "totalRevenue": "7375000000",
            "costOfRevenue": "4995000000",
            "costofGoodsAndServicesSold": "4296000000",
            "operatingIncome": "1799000000",
            "sellingGeneralAndAdministrative": "230000000",
            "researchAndDevelopment": "670000000",
            "operatingExpenses": "1369000000",
            "investmentIncomeNet": "8000000",
            "netInterestIncome": "-46000000",
            "interestIncome": "8000000",
            "interestExpense": "46000000",
            "nonInterestIncome": "7421000000",
            "otherNonOperatingIncome": "45000000",
            "depreciation": "None",
            "depreciationAndAmortization": "16000000",
            "incomeBeforeTax": "1800000000",
            "incomeTaxExpense": "65000000",
            "interestAndDebtExpense": "47000000",
            "netIncomeFromContinuingOperations": "1735000000",
            "comprehensiveIncomeNetOfTax": "1701000000",
            "ebit": "1846000000",
            "ebitda": "1862000000",
            "netIncome": "1735000000"
        },
        {
            "fiscalDateEnding": "2021-03-04",
            "reportedCurrency": "USD",
            "grossProfit": "1649000000",
            "totalRevenue": "6194000000",
            "costOfRevenue": "4823000000",
            "costofGoodsAndServicesSold": "4587000000",
            "operatingIncome": "663000000",
            "sellingGeneralAndAdministrative": "214000000",
            "researchAndDevelopment": "641000000",
            "operatingExpenses": "877000000",
            "investmentIncomeNet": "10000000",
            "netInterestIncome": "-42000000",
            "interestIncome": "10000000",
            "interestExpense": "42000000",
            "nonInterestIncome": "6236000000",
            "otherNonOperatingIncome": "4000000",
            "depreciation": "None",
            "depreciationAndAmortization": "17000000",
            "incomeBeforeTax": "651000000",
            "incomeTaxExpense": "48000000",
            "interestAndDebtExpense": "42000000",
            "netIncomeFromContinuingOperations": "603000000",
            "comprehensiveIncomeNetOfTax": "574000000",
            "ebit": "693000000",
            "ebitda": "710000000",
            "netIncome": "603000000"
        },
        {
            "fiscalDateEnding": "2020-12-03",
            "reportedCurrency": "USD",
            "grossProfit": "1736000000",
            "totalRevenue": "5725000000",
            "costOfRevenue": "4295000000",
            "costofGoodsAndServicesSold": "4037000000",
            "operatingIncome": "866000000",
            "sellingGeneralAndAdministrative": "214000000",
            "researchAndDevelopment": "647000000",
            "operatingExpenses": "905000000",
            "investmentIncomeNet": "10000000",
            "netInterestIncome": "-48000000",
            "interestIncome": "10000000",
            "interestExpense": "48000000",
            "nonInterestIncome": "5773000000",
            "otherNonOperatingIncome": "13000000",
            "depreciation": "None",
            "depreciationAndAmortization": "36000000",
            "incomeBeforeTax": "854000000",
            "incomeTaxExpense": "51000000",
            "interestAndDebtExpense": "48000000",
            "netIncomeFromContinuingOperations": "803000000",
            "comprehensiveIncomeNetOfTax": "842000000",
            "ebit": "902000000",
            "ebitda": "938000000",
            "netIncome": "803000000"
        },
        {
            "fiscalDateEnding": "2020-09-03",
            "reportedCurrency": "USD",
            "grossProfit": "2068000000",
            "totalRevenue": "6016000000",
            "costOfRevenue": "4379000000",
            "costofGoodsAndServicesSold": "3988000000",
            "operatingIncome": "1157000000",
            "sellingGeneralAndAdministrative": "231000000",
            "researchAndDevelopment": "630000000",
            "operatingExpenses": "1018000000",
            "investmentIncomeNet": "13000000",
            "netInterestIncome": "-50000000",
            "interestIncome": "13000000",
            "interestExpense": "50000000",
            "nonInterestIncome": "6066000000",
            "otherNonOperatingIncome": "5000000",
            "depreciation": "None",
            "depreciationAndAmortization": "110000000",
            "incomeBeforeTax": "1124000000",
            "incomeTaxExpense": "136000000",
            "interestAndDebtExpense": "50000000",
            "netIncomeFromContinuingOperations": "990000000",
            "comprehensiveIncomeNetOfTax": "1070000000",
            "ebit": "1174000000",
            "ebitda": "1284000000",
            "netIncome": "988000000"
        },
        {
            "fiscalDateEnding": "2020-05-28",
            "reportedCurrency": "USD",
            "grossProfit": "1763000000",
            "totalRevenue": "5384000000",
            "costOfRevenue": "3924000000",
            "costofGoodsAndServicesSold": "3675000000",
            "operatingIncome": "888000000",
            "sellingGeneralAndAdministrative": "216000000",
            "researchAndDevelopment": "649000000",
            "operatingExpenses": "898000000",
            "investmentIncomeNet": "23000000",
            "netInterestIncome": "-51000000",
            "interestIncome": "23000000",
            "interestExpense": "51000000",
            "nonInterestIncome": "5435000000",
            "otherNonOperatingIncome": "10000000",
            "depreciation": "None",
            "depreciationAndAmortization": "29000000",
            "incomeBeforeTax": "871000000",
            "incomeTaxExpense": "68000000",
            "interestAndDebtExpense": "51000000",
            "netIncomeFromContinuingOperations": "805000000",
            "comprehensiveIncomeNetOfTax": "801000000",
            "ebit": "922000000",
            "ebitda": "951000000",
            "netIncome": "803000000"
        },
        {
            "fiscalDateEnding": "2020-02-27",
            "reportedCurrency": "USD",
            "grossProfit": "1355000000",
            "totalRevenue": "4749000000",
            "costOfRevenue": "3714000000",
            "costofGoodsAndServicesSold": "3442000000",
            "operatingIncome": "440000000",
            "sellingGeneralAndAdministrative": "223000000",
            "researchAndDevelopment": "681000000",
            "operatingExpenses": "953000000",
            "investmentIncomeNet": "34000000",
            "netInterestIncome": "-46000000",
            "interestIncome": "34000000",
            "interestExpense": "46000000",
            "nonInterestIncome": "4795000000",
            "otherNonOperatingIncome": "-1000000",
            "depreciation": "None",
            "depreciationAndAmortization": "39000000",
            "incomeBeforeTax": "426000000",
            "incomeTaxExpense": "21000000",
            "interestAndDebtExpense": "46000000",
            "netIncomeFromContinuingOperations": "407000000",
            "comprehensiveIncomeNetOfTax": "390000000",
            "ebit": "472000000",
            "ebitda": "511000000",
            "netIncome": "405000000"
        },
        {
            "fiscalDateEnding": "2019-11-28",
            "reportedCurrency": "USD",
            "grossProfit": "1366000000",
            "totalRevenue": "5137000000",
            "costOfRevenue": "4025000000",
            "costofGoodsAndServicesSold": "3778000000",
            "operatingIncome": "518000000",
            "sellingGeneralAndAdministrative": "211000000",
            "researchAndDevelopment": "640000000",
            "operatingExpenses": "887000000",
            "investmentIncomeNet": "44000000",
            "netInterestIncome": "-47000000",
            "interestIncome": "44000000",
            "interestExpense": "47000000",
            "nonInterestIncome": "5184000000",
            "otherNonOperatingIncome": "46000000",
            "depreciation": "None",
            "depreciationAndAmortization": "40000000",
            "incomeBeforeTax": "546000000",
            "incomeTaxExpense": "55000000",
            "interestAndDebtExpense": "5000000",
            "netIncomeFromContinuingOperations": "508000000",
            "comprehensiveIncomeNetOfTax": "488000000",
            "ebit": "593000000",
            "ebitda": "633000000",
            "netIncome": "491000000"
        },
        {
            "fiscalDateEnding": "2019-08-29",
            "reportedCurrency": "USD",
            "grossProfit": "1395000000",
            "totalRevenue": "4870000000",
            "costOfRevenue": "3565000000",
            "costofGoodsAndServicesSold": "3475000000",
            "operatingIncome": "650000000",
            "sellingGeneralAndAdministrative": "212000000",
            "researchAndDevelopment": "623000000",
            "operatingExpenses": "756000000",
            "investmentIncomeNet": "57000000",
            "netInterestIncome": "-39000000",
            "interestIncome": "57000000",
            "interestExpense": "39000000",
            "nonInterestIncome": "4870000000",
            "otherNonOperatingIncome": "-13000000",
            "depreciation": "None",
            "depreciationAndAmortization": "1416000000",
            "incomeBeforeTax": "632000000",
            "incomeTaxExpense": "71000000",
            "interestAndDebtExpense": "49000000",
            "netIncomeFromContinuingOperations": "650000000",
            "comprehensiveIncomeNetOfTax": "562000000",
            "ebit": "671000000",
            "ebitda": "2087000000",
            "netIncome": "561000000"
        },
        {
            "fiscalDateEnding": "2019-05-30",
            "reportedCurrency": "USD",
            "grossProfit": "1828000000",
            "totalRevenue": "4758000000",
            "costOfRevenue": "3175000000",
            "costofGoodsAndServicesSold": "2960000000",
            "operatingIncome": "1010000000",
            "sellingGeneralAndAdministrative": "206000000",
            "researchAndDevelopment": "606000000",
            "operatingExpenses": "821000000",
            "investmentIncomeNet": "52000000",
            "netInterestIncome": "-29000000",
            "interestIncome": "52000000",
            "interestExpense": "29000000",
            "nonInterestIncome": "4787000000",
            "otherNonOperatingIncome": "-317000000",
            "depreciation": "None",
            "depreciationAndAmortization": "1360000000",
            "incomeBeforeTax": "705000000",
            "incomeTaxExpense": "-135000000",
            "interestAndDebtExpense": "29000000",
            "netIncomeFromContinuingOperations": "851000000",
            "comprehensiveIncomeNetOfTax": "842000000",
            "ebit": "734000000",
            "ebitda": "2094000000",
            "netIncome": "840000000"
        },
        {
            "fiscalDateEnding": "2019-02-28",
            "reportedCurrency": "USD",
            "grossProfit": "2864000000",
            "totalRevenue": "5805000000",
            "costOfRevenue": "3231000000",
            "costofGoodsAndServicesSold": "2971000000",
            "operatingIncome": "1957000000",
            "sellingGeneralAndAdministrative": "209000000",
            "researchAndDevelopment": "601000000",
            "operatingExpenses": "861000000",
            "investmentIncomeNet": "58000000",
            "netInterestIncome": "-27000000",
            "interestIncome": "58000000",
            "interestExpense": "27000000",
            "nonInterestIncome": "5832000000",
            "otherNonOperatingIncome": "-84000000",
            "depreciation": "None",
            "depreciationAndAmortization": "1313000000",
            "incomeBeforeTax": "1899000000",
            "incomeTaxExpense": "280000000",
            "interestAndDebtExpense": "27000000",
            "netIncomeFromContinuingOperations": "1625000000",
            "comprehensiveIncomeNetOfTax": "1630000000",
            "ebit": "1926000000",
            "ebitda": "3239000000",
            "netIncome": "1619000000"
        },
        {
            "fiscalDateEnding": "2018-11-29",
            "reportedCurrency": "USD",
            "grossProfit": "4615000000",
            "totalRevenue": "7889000000",
            "costOfRevenue": "3540000000",
            "costofGoodsAndServicesSold": "3298000000",
            "operatingIncome": "3759000000",
            "sellingGeneralAndAdministrative": "209000000",
            "researchAndDevelopment": "611000000",
            "operatingExpenses": "853000000",
            "investmentIncomeNet": "38000000",
            "netInterestIncome": "-33000000",
            "interestIncome": "None",
            "interestExpense": "33000000",
            "nonInterestIncome": "7922000000",
            "otherNonOperatingIncome": "9000000",
            "depreciation": "None",
            "depreciationAndAmortization": "1335000000",
            "incomeBeforeTax": "3770000000",
            "incomeTaxExpense": "477000000",
            "interestAndDebtExpense": "19000000",
            "netIncomeFromContinuingOperations": "3296000000",
            "comprehensiveIncomeNetOfTax": "3278000000",
            "ebit": "3803000000",
            "ebitda": "5138000000",
            "netIncome": "3293000000"
        },
        {
            "fiscalDateEnding": "2018-08-30",
            "reportedCurrency": "USD",
            "grossProfit": "5151000000",
            "totalRevenue": "8440000000",
            "costOfRevenue": "3289000000",
            "costofGoodsAndServicesSold": "3289000000",
            "operatingIncome": "4377000000",
            "sellingGeneralAndAdministrative": "215000000",
            "researchAndDevelopment": "567000000",
            "operatingExpenses": "714000000",
            "investmentIncomeNet": "34000000",
            "netInterestIncome": "-50000000",
            "interestIncome": "None",
            "interestExpense": "50000000",
            "nonInterestIncome": "8440000000",
            "otherNonOperatingIncome": "-15000000",
            "depreciation": "None",
            "depreciationAndAmortization": "1285000000",
            "incomeBeforeTax": "4345000000",
            "incomeTaxExpense": "20000000",
            "interestAndDebtExpense": "49000000",
            "netIncomeFromContinuingOperations": "4377000000",
            "comprehensiveIncomeNetOfTax": "4313000000",
            "ebit": "4395000000",
            "ebitda": "5680000000",
            "netIncome": "4325000000"
        },
        {
            "fiscalDateEnding": "2018-05-31",
            "reportedCurrency": "USD",
            "grossProfit": "4723000000",
            "totalRevenue": "7797000000",
            "costOfRevenue": "3074000000",
            "costofGoodsAndServicesSold": "3074000000",
            "operatingIncome": "3953000000",
            "sellingGeneralAndAdministrative": "211000000",
            "researchAndDevelopment": "603000000",
            "operatingExpenses": "814000000",
            "investmentIncomeNet": "36000000",
            "netInterestIncome": "-80000000",
            "interestIncome": "None",
            "interestExpense": "80000000",
            "nonInterestIncome": "-24000000",
            "otherNonOperatingIncome": "-193000000",
            "depreciation": "None",
            "depreciationAndAmortization": "1233000000",
            "incomeBeforeTax": "3714000000",
            "incomeTaxExpense": "-109000000",
            "interestAndDebtExpense": "80000000",
            "netIncomeFromContinuingOperations": "3823000000",
            "comprehensiveIncomeNetOfTax": "3802000000",
            "ebit": "3794000000",
            "ebitda": "5027000000",
            "netIncome": "3823000000"
        },
        {
            "fiscalDateEnding": "2018-03-01",
            "reportedCurrency": "USD",
            "grossProfit": "4270000000",
            "totalRevenue": "7351000000",
            "costOfRevenue": "3081000000",
            "costofGoodsAndServicesSold": "3081000000",
            "operatingIncome": "3567000000",
            "sellingGeneralAndAdministrative": "196000000",
            "researchAndDevelopment": "523000000",
            "operatingExpenses": "726000000",
            "investmentIncomeNet": "27000000",
            "netInterestIncome": "-88000000",
            "interestIncome": "None",
            "interestExpense": "88000000",
            "nonInterestIncome": "7324000000",
            "otherNonOperatingIncome": "-53000000",
            "depreciation": "None",
            "depreciationAndAmortization": "1151000000",
            "incomeBeforeTax": "3452000000",
            "incomeTaxExpense": "143000000",
            "interestAndDebtExpense": "88000000",
            "netIncomeFromContinuingOperations": "3567000000",
            "comprehensiveIncomeNetOfTax": "3328000000",
            "ebit": "3540000000",
            "ebitda": "4691000000",
            "netIncome": "3309000000"
        }
    ]
}