{
    "symbol": "NEM",
    "annualReports": [
        {
            "fiscalDateEnding": "2022-12-31",
            "reportedCurrency": "USD",
            "grossProfit": "3345000000",
            "totalRevenue": "11807000000",
            "costOfRevenue": "8462000000",
            "costofGoodsAndServicesSold": "6468000000",
            "operatingIncome": "1057000000",
            "sellingGeneralAndAdministrative": "276000000",
            "researchAndDevelopment": "229000000",
            "operatingExpenses": "2288000000",
            "investmentIncomeNet": "78000000",
            "netInterestIncome": "-103000000",
            "interestIncome": "78000000",
            "interestExpense": "103000000",
            "nonInterestIncome": "11910000000",
            "otherNonOperatingIncome": "-62000000",
            "depreciation": "None",
            "depreciationAndAmortization": "78000000",
            "incomeBeforeTax": "26000000",
            "incomeTaxExpense": "455000000",
            "interestAndDebtExpense": "103000000",
            "netIncomeFromContinuingOperations": "-459000000",
            "comprehensiveIncomeNetOfTax": "-267000000",
            "ebit": "129000000",
            "ebitda": "207000000",
            "netIncome": "-429000000"
        },
        {
            "fiscalDateEnding": "2021-12-31",
            "reportedCurrency": "USD",
            "grossProfit": "5679000000",
            "totalRevenue": "12171000000",
            "costOfRevenue": "6492000000",
            "costofGoodsAndServicesSold": "5435000000",
            "operatingIncome": "4494000000",
            "sellingGeneralAndAdministrative": "259000000",
            "researchAndDevelopment": "154000000",
            "operatingExpenses": "1185000000",
            "investmentIncomeNet": "18000000",
            "netInterestIncome": "-74000000",
            "interestIncome": "368000000",
            "interestExpense": "74000000",
            "nonInterestIncome": "12245000000",
            "otherNonOperatingIncome": "-87000000",
            "depreciation": "None",
            "depreciationAndAmortization": "85000000",
            "incomeBeforeTax": "2264000000",
            "incomeTaxExpense": "1098000000",
            "interestAndDebtExpense": "74000000",
            "netIncomeFromContinuingOperations": "1109000000",
            "comprehensiveIncomeNetOfTax": "1249000000",
            "ebit": "2338000000",
            "ebitda": "2423000000",
            "netIncome": "1166000000"
        },
        {
            "fiscalDateEnding": "2020-12-31",
            "reportedCurrency": "USD",
            "grossProfit": "5708000000",
            "totalRevenue": "11286000000",
            "costOfRevenue": "5578000000",
            "costofGoodsAndServicesSold": "5014000000",
            "operatingIncome": "5478000000",
            "sellingGeneralAndAdministrative": "269000000",
            "researchAndDevelopment": "122000000",
            "operatingExpenses": "230000000",
            "investmentIncomeNet": "24000000",
            "netInterestIncome": "-61000000",
            "interestIncome": "24000000",
            "interestExpense": "61000000",
            "nonInterestIncome": "11347000000",
            "otherNonOperatingIncome": "-32000000",
            "depreciation": "None",
            "depreciationAndAmortization": "88000000",
            "incomeBeforeTax": "3533000000",
            "incomeTaxExpense": "704000000",
            "interestAndDebtExpense": "138000000",
            "netIncomeFromContinuingOperations": "2666000000",
            "comprehensiveIncomeNetOfTax": "2878000000",
            "ebit": "3594000000",
            "ebitda": "3682000000",
            "netIncome": "2829000000"
        },
        {
            "fiscalDateEnding": "2019-12-31",
            "reportedCurrency": "USD",
            "grossProfit": "2305000000",
            "totalRevenue": "9673000000",
            "costOfRevenue": "746000000",
            "costofGoodsAndServicesSold": "130000000",
            "operatingIncome": "7860000000",
            "sellingGeneralAndAdministrative": "313000000",
            "researchAndDevelopment": "150000000",
            "operatingExpenses": "1067000000",
            "investmentIncomeNet": "57000000",
            "netInterestIncome": "-60000000",
            "interestIncome": "57000000",
            "interestExpense": "60000000",
            "nonInterestIncome": "9733000000",
            "otherNonOperatingIncome": "297000000",
            "depreciation": "None",
            "depreciationAndAmortization": "78000000",
            "incomeBeforeTax": "3637000000",
            "incomeTaxExpense": "832000000",
            "interestAndDebtExpense": "60000000",
            "netIncomeFromContinuingOperations": "2877000000",
            "comprehensiveIncomeNetOfTax": "2824000000",
            "ebit": "3697000000",
            "ebitda": "3775000000",
            "netIncome": "2805000000"
        },
        {
            "fiscalDateEnding": "2018-12-31",
            "reportedCurrency": "USD",
            "grossProfit": "1782000000",
            "totalRevenue": "7258000000",
            "costOfRevenue": "1039000000",
            "costofGoodsAndServicesSold": "271000000",
            "operatingIncome": "5360000000",
            "sellingGeneralAndAdministrative": "244000000",
            "researchAndDevelopment": "153000000",
            "operatingExpenses": "859000000",
            "investmentIncomeNet": "56000000",
            "netInterestIncome": "-37000000",
            "interestIncome": "159000000",
            "interestExpense": "37000000",
            "nonInterestIncome": "7295000000",
            "otherNonOperatingIncome": "55000000",
            "depreciation": "None",
            "depreciationAndAmortization": "1215000000",
            "incomeBeforeTax": "727000000",
            "incomeTaxExpense": "386000000",
            "interestAndDebtExpense": "37000000",
            "netIncomeFromContinuingOperations": "280000000",
            "comprehensiveIncomeNetOfTax": "330000000",
            "ebit": "764000000",
            "ebitda": "2149000000",
            "netIncome": "341000000"
        }
    ],
    "quarterlyReports": [
        {
            "fiscalDateEnding": "2022-12-31",
            "reportedCurrency": "USD",
            "grossProfit": "-373000000",
            "totalRevenue": "3054000000",
            "costOfRevenue": "3427000000",
            "costofGoodsAndServicesSold": "1780000000",
            "operatingIncome": "-2068000000",
            "sellingGeneralAndAdministrative": "66000000",
            "researchAndDevelopment": "60000000",
            "operatingExpenses": "1695000000",
            "investmentIncomeNet": "35000000",
            "netInterestIncome": "-18000000",
            "interestIncome": "35000000",
            "interestExpense": "53000000",
            "nonInterestIncome": "3157000000",
            "otherNonOperatingIncome": "66000000",
            "depreciation": "None",
            "depreciationAndAmortization": "571000000",
            "incomeBeforeTax": "-1365000000",
            "incomeTaxExpense": "112000000",
            "interestAndDebtExpense": "None",
            "netIncomeFromContinuingOperations": "-1488000000",
            "comprehensiveIncomeNetOfTax": "-1441000000",
            "ebit": "-2068000000",
            "ebitda": "-741000000",
            "netIncome": "-1477000000"
        },
        {
            "fiscalDateEnding": "2022-09-30",
            "reportedCurrency": "USD",
            "grossProfit": "976000000",
            "totalRevenue": "2644000000",
            "costOfRevenue": "1668000000",
            "costofGoodsAndServicesSold": "1545000000",
            "operatingIncome": "762000000",
            "sellingGeneralAndAdministrative": "73000000",
            "researchAndDevelopment": "80000000",
            "operatingExpenses": "214000000",
            "investmentIncomeNet": "27000000",
            "netInterestIncome": "-28000000",
            "interestIncome": "27000000",
            "interestExpense": "55000000",
            "nonInterestIncome": "2644000000",
            "otherNonOperatingIncome": "56000000",
            "depreciation": "None",
            "depreciationAndAmortization": "508000000",
            "incomeBeforeTax": "309000000",
            "incomeTaxExpense": "96000000",
            "interestAndDebtExpense": "None",
            "netIncomeFromContinuingOperations": "218000000",
            "comprehensiveIncomeNetOfTax": "217000000",
            "ebit": "762000000",
            "ebitda": "872000000",
            "netIncome": "213000000"
        },
        {
            "fiscalDateEnding": "2022-06-30",
            "reportedCurrency": "USD",
            "grossProfit": "1254000000",
            "totalRevenue": "3085000000",
            "costOfRevenue": "1831000000",
            "costofGoodsAndServicesSold": "1708000000",
            "operatingIncome": "1059000000",
            "sellingGeneralAndAdministrative": "73000000",
            "researchAndDevelopment": "45000000",
            "operatingExpenses": "195000000",
            "investmentIncomeNet": "None",
            "netInterestIncome": "-57000000",
            "interestIncome": "165000000",
            "interestExpense": "57000000",
            "nonInterestIncome": "3085000000",
            "otherNonOperatingIncome": "-75000000",
            "depreciation": "None",
            "depreciationAndAmortization": "559000000",
            "incomeBeforeTax": "420000000",
            "incomeTaxExpense": "33000000",
            "interestAndDebtExpense": "None",
            "netIncomeFromContinuingOperations": "379000000",
            "comprehensiveIncomeNetOfTax": "388000000",
            "ebit": "1059000000",
            "ebitda": "1036000000",
            "netIncome": "387000000"
        },
        {
            "fiscalDateEnding": "2022-03-31",
            "reportedCurrency": "USD",
            "grossProfit": "1480000000",
            "totalRevenue": "3024000000",
            "costOfRevenue": "1544000000",
            "costofGoodsAndServicesSold": "1435000000",
            "operatingIncome": "1288000000",
            "sellingGeneralAndAdministrative": "64000000",
            "researchAndDevelopment": "44000000",
            "operatingExpenses": "192000000",
            "investmentIncomeNet": "None",
            "netInterestIncome": "-62000000",
            "interestIncome": "57000000",
            "interestExpense": "62000000",
            "nonInterestIncome": "3024000000",
            "otherNonOperatingIncome": "-109000000",
            "depreciation": "None",
            "depreciationAndAmortization": "547000000",
            "incomeBeforeTax": "662000000",
            "incomeTaxExpense": "214000000",
            "interestAndDebtExpense": "None",
            "netIncomeFromContinuingOperations": "432000000",
            "comprehensiveIncomeNetOfTax": "569000000",
            "ebit": "1288000000",
            "ebitda": "1271000000",
            "netIncome": "448000000"
        },
        {
            "fiscalDateEnding": "2021-12-31",
            "reportedCurrency": "USD",
            "grossProfit": "1052000000",
            "totalRevenue": "3291000000",
            "costOfRevenue": "2239000000",
            "costofGoodsAndServicesSold": "1540000000",
            "operatingIncome": "434000000",
            "sellingGeneralAndAdministrative": "69000000",
            "researchAndDevelopment": "46000000",
            "operatingExpenses": "639000000",
            "investmentIncomeNet": "6000000",
            "netInterestIncome": "-60000000",
            "interestIncome": "40000000",
            "interestExpense": "66000000",
            "nonInterestIncome": "3365000000",
            "otherNonOperatingIncome": "-27000000",
            "depreciation": "None",
            "depreciationAndAmortization": "639000",
            "incomeBeforeTax": "254000000",
            "incomeTaxExpense": "300000000",
            "interestAndDebtExpense": "74000000",
            "netIncomeFromContinuingOperations": "-61000000",
            "comprehensiveIncomeNetOfTax": "11000000",
            "ebit": "434000000",
            "ebitda": "-1129361000",
            "netIncome": "-46000000"
        },
        {
            "fiscalDateEnding": "2021-09-30",
            "reportedCurrency": "USD",
            "grossProfit": "1422000000",
            "totalRevenue": "2912000000",
            "costOfRevenue": "1490000000",
            "costofGoodsAndServicesSold": "1367000000",
            "operatingIncome": "1218000000",
            "sellingGeneralAndAdministrative": "61000000",
            "researchAndDevelopment": "40000000",
            "operatingExpenses": "197000000",
            "investmentIncomeNet": "6000000",
            "netInterestIncome": "-60000000",
            "interestIncome": "139000000",
            "interestExpense": "66000000",
            "nonInterestIncome": "2912000000",
            "otherNonOperatingIncome": "-71000000",
            "depreciation": "None",
            "depreciationAndAmortization": "570000000",
            "incomeBeforeTax": "225000000",
            "incomeTaxExpense": "222000000",
            "interestAndDebtExpense": "0",
            "netIncomeFromContinuingOperations": "-8000000",
            "comprehensiveIncomeNetOfTax": "11000000",
            "ebit": "1218000000",
            "ebitda": "861000000",
            "netIncome": "3000000"
        },
        {
            "fiscalDateEnding": "2021-06-30",
            "reportedCurrency": "USD",
            "grossProfit": "1665000000",
            "totalRevenue": "3073000000",
            "costOfRevenue": "1408000000",
            "costofGoodsAndServicesSold": "1281000000",
            "operatingIncome": "1445000000",
            "sellingGeneralAndAdministrative": "64000000",
            "researchAndDevelopment": "37000000",
            "operatingExpenses": "214000000",
            "investmentIncomeNet": "3000000",
            "netInterestIncome": "-65000000",
            "interestIncome": "3000000",
            "interestExpense": "68000000",
            "nonInterestIncome": "3073000000",
            "otherNonOperatingIncome": "50000000",
            "depreciation": "None",
            "depreciationAndAmortization": "561000000",
            "incomeBeforeTax": "991000000",
            "incomeTaxExpense": "341000000",
            "interestAndDebtExpense": "0",
            "netIncomeFromContinuingOperations": "640000000",
            "comprehensiveIncomeNetOfTax": "657000000",
            "ebit": "1445000000",
            "ebitda": "1620000000",
            "netIncome": "650000000"
        },
        {
            "fiscalDateEnding": "2021-03-31",
            "reportedCurrency": "USD",
            "grossProfit": "1540000000",
            "totalRevenue": "2895000000",
            "costOfRevenue": "1355000000",
            "costofGoodsAndServicesSold": "1247000000",
            "operatingIncome": "1397000000",
            "sellingGeneralAndAdministrative": "65000000",
            "researchAndDevelopment": "31000000",
            "operatingExpenses": "143000000",
            "investmentIncomeNet": "3000000",
            "netInterestIncome": "-71000000",
            "interestIncome": "3000000",
            "interestExpense": "74000000",
            "nonInterestIncome": "2895000000",
            "otherNonOperatingIncome": "-39000000",
            "depreciation": "None",
            "depreciationAndAmortization": "553000000",
            "incomeBeforeTax": "794000000",
            "incomeTaxExpense": "235000000",
            "interestAndDebtExpense": "0",
            "netIncomeFromContinuingOperations": "538000000",
            "comprehensiveIncomeNetOfTax": "570000000",
            "ebit": "1397000000",
            "ebitda": "1421000000",
            "netIncome": "559000000"
        },
        {
            "fiscalDateEnding": "2020-12-31",
            "reportedCurrency": "USD",
            "grossProfit": "1673000000",
            "totalRevenue": "3255000000",
            "costOfRevenue": "1582000000",
            "costofGoodsAndServicesSold": "1355000000",
            "operatingIncome": "1482000000",
            "sellingGeneralAndAdministrative": "64000000",
            "researchAndDevelopment": "30000000",
            "operatingExpenses": "191000000",
            "investmentIncomeNet": "3000000",
            "netInterestIncome": "-70000000",
            "interestIncome": "3000000",
            "interestExpense": "73000000",
            "nonInterestIncome": "3316000000",
            "otherNonOperatingIncome": "3000000",
            "depreciation": "None",
            "depreciationAndAmortization": "615000000",
            "incomeBeforeTax": "1082000000",
            "incomeTaxExpense": "258000000",
            "interestAndDebtExpense": "61000000",
            "netIncomeFromContinuingOperations": "806000000",
            "comprehensiveIncomeNetOfTax": "853000000",
            "ebit": "1482000000",
            "ebitda": "1770000000",
            "netIncome": "824000000"
        },
        {
            "fiscalDateEnding": "2020-09-30",
            "reportedCurrency": "USD",
            "grossProfit": "1763000000",
            "totalRevenue": "3148000000",
            "costOfRevenue": "1385000000",
            "costofGoodsAndServicesSold": "1269000000",
            "operatingIncome": "1516000000",
            "sellingGeneralAndAdministrative": "68000000",
            "researchAndDevelopment": "39000000",
            "operatingExpenses": "247000000",
            "investmentIncomeNet": "4000000",
            "netInterestIncome": "-71000000",
            "interestIncome": "36000000",
            "interestExpense": "75000000",
            "nonInterestIncome": "3148000000",
            "otherNonOperatingIncome": "-44000000",
            "depreciation": "None",
            "depreciationAndAmortization": "592000000",
            "incomeBeforeTax": "1144000000",
            "incomeTaxExpense": "305000000",
            "interestAndDebtExpense": "0",
            "netIncomeFromContinuingOperations": "611000000",
            "comprehensiveIncomeNetOfTax": "841000000",
            "ebit": "1516000000",
            "ebitda": "1811000000",
            "netIncome": "839000000"
        },
        {
            "fiscalDateEnding": "2020-06-30",
            "reportedCurrency": "USD",
            "grossProfit": "1130000000",
            "totalRevenue": "2310000000",
            "costOfRevenue": "1180000000",
            "costofGoodsAndServicesSold": "1058000000",
            "operatingIncome": "912000000",
            "sellingGeneralAndAdministrative": "72000000",
            "researchAndDevelopment": "26000000",
            "operatingExpenses": "218000000",
            "investmentIncomeNet": "6000000",
            "netInterestIncome": "-72000000",
            "interestIncome": "6000000",
            "interestExpense": "78000000",
            "nonInterestIncome": "2310000000",
            "otherNonOperatingIncome": "198000000",
            "depreciation": "None",
            "depreciationAndAmortization": "528000000",
            "incomeBeforeTax": "508000000",
            "incomeTaxExpense": "164000000",
            "interestAndDebtExpense": "3000000",
            "netIncomeFromContinuingOperations": "412000000",
            "comprehensiveIncomeNetOfTax": "349000000",
            "ebit": "912000000",
            "ebitda": "1114000000",
            "netIncome": "344000000"
        },
        {
            "fiscalDateEnding": "2020-03-31",
            "reportedCurrency": "USD",
            "grossProfit": "2461000000",
            "totalRevenue": "2573000000",
            "costOfRevenue": "112000000",
            "costofGoodsAndServicesSold": "1332000000",
            "operatingIncome": "2854000000",
            "sellingGeneralAndAdministrative": "65000000",
            "researchAndDevelopment": "27000000",
            "operatingExpenses": "-393000000",
            "investmentIncomeNet": "11000000",
            "netInterestIncome": "-71000000",
            "interestIncome": "11000000",
            "interestExpense": "82000000",
            "nonInterestIncome": "2573000000",
            "otherNonOperatingIncome": "-189000000",
            "depreciation": "None",
            "depreciationAndAmortization": "565000000",
            "incomeBeforeTax": "799000000",
            "incomeTaxExpense": "-23000000",
            "interestAndDebtExpense": "74000000",
            "netIncomeFromContinuingOperations": "837000000",
            "comprehensiveIncomeNetOfTax": "835000000",
            "ebit": "2854000000",
            "ebitda": "1446000000",
            "netIncome": "822000000"
        },
        {
            "fiscalDateEnding": "2019-12-31",
            "reportedCurrency": "USD",
            "grossProfit": "780000000",
            "totalRevenue": "2967000000",
            "costOfRevenue": "196000000",
            "costofGoodsAndServicesSold": "22000000",
            "operatingIncome": "780000000",
            "sellingGeneralAndAdministrative": "89000000",
            "researchAndDevelopment": "48000000",
            "operatingExpenses": "295000000",
            "investmentIncomeNet": "13000000",
            "netInterestIncome": "-36000000",
            "interestIncome": "13000000",
            "interestExpense": "36000000",
            "nonInterestIncome": "2967000000",
            "otherNonOperatingIncome": "163000000",
            "depreciation": "None",
            "depreciationAndAmortization": "28000000",
            "incomeBeforeTax": "694000000",
            "incomeTaxExpense": "129000000",
            "interestAndDebtExpense": "36000000",
            "netIncomeFromContinuingOperations": "537000000",
            "comprehensiveIncomeNetOfTax": "565000000",
            "ebit": "730000000",
            "ebitda": "758000000",
            "netIncome": "565000000"
        },
        {
            "fiscalDateEnding": "2019-09-30",
            "reportedCurrency": "USD",
            "grossProfit": "711000000",
            "totalRevenue": "2714000000",
            "costOfRevenue": "163000000",
            "costofGoodsAndServicesSold": "1392000000",
            "operatingIncome": "2305000000",
            "sellingGeneralAndAdministrative": "84000000",
            "researchAndDevelopment": "43000000",
            "operatingExpenses": "246000000",
            "investmentIncomeNet": "10000000",
            "netInterestIncome": "-10000000",
            "interestIncome": "37000000",
            "interestExpense": "10000000",
            "nonInterestIncome": "2724000000",
            "otherNonOperatingIncome": "32000000",
            "depreciation": "None",
            "depreciationAndAmortization": "25000000",
            "incomeBeforeTax": "2736000000",
            "incomeTaxExpense": "558000000",
            "interestAndDebtExpense": "10000000",
            "netIncomeFromContinuingOperations": "2226000000",
            "comprehensiveIncomeNetOfTax": "2170000000",
            "ebit": "2746000000",
            "ebitda": "2771000000",
            "netIncome": "2178000000"
        },
        {
            "fiscalDateEnding": "2019-06-30",
            "reportedCurrency": "USD",
            "grossProfit": "331000000",
            "totalRevenue": "2261000000",
            "costOfRevenue": "158000000",
            "costofGoodsAndServicesSold": "1366000000",
            "operatingIncome": "1796000000",
            "sellingGeneralAndAdministrative": "81000000",
            "researchAndDevelopment": "32000000",
            "operatingExpenses": "307000000",
            "investmentIncomeNet": "13000000",
            "netInterestIncome": "-69000000",
            "interestIncome": "30000000",
            "interestExpense": "82000000",
            "nonInterestIncome": "2261000000",
            "otherNonOperatingIncome": "58000000",
            "depreciation": "None",
            "depreciationAndAmortization": "487000000",
            "incomeBeforeTax": "-5000000",
            "incomeTaxExpense": "20000000",
            "interestAndDebtExpense": "0",
            "netIncomeFromContinuingOperations": "1000000",
            "comprehensiveIncomeNetOfTax": "-13000000",
            "ebit": "1796000000",
            "ebitda": "564000000",
            "netIncome": "-25000000"
        },
        {
            "fiscalDateEnding": "2019-03-31",
            "reportedCurrency": "USD",
            "grossProfit": "483000000",
            "totalRevenue": "1801000000",
            "costOfRevenue": "140000000",
            "costofGoodsAndServicesSold": "44000000",
            "operatingIncome": "1466000000",
            "sellingGeneralAndAdministrative": "59000000",
            "researchAndDevelopment": "27000000",
            "operatingExpenses": "195000000",
            "investmentIncomeNet": "21000000",
            "netInterestIncome": "-37000000",
            "interestIncome": "18000000",
            "interestExpense": "58000000",
            "nonInterestIncome": "1801000000",
            "otherNonOperatingIncome": "44000000",
            "depreciation": "None",
            "depreciationAndAmortization": "312000000",
            "incomeBeforeTax": "212000000",
            "incomeTaxExpense": "125000000",
            "interestAndDebtExpense": "0",
            "netIncomeFromContinuingOperations": "113000000",
            "comprehensiveIncomeNetOfTax": "102000000",
            "ebit": "1466000000",
            "ebitda": "582000000",
            "netIncome": "87000000"
        },
        {
            "fiscalDateEnding": "2018-12-31",
            "reportedCurrency": "USD",
            "grossProfit": "541000000",
            "totalRevenue": "2048000000",
            "costOfRevenue": "156000000",
            "costofGoodsAndServicesSold": "51000000",
            "operatingIncome": "541000000",
            "sellingGeneralAndAdministrative": "63000000",
            "researchAndDevelopment": "46000000",
            "operatingExpenses": "147000000",
            "investmentIncomeNet": "17000000",
            "netInterestIncome": "None",
            "interestIncome": "None",
            "interestExpense": "54000000",
            "nonInterestIncome": "2048000000",
            "otherNonOperatingIncome": "-142000000",
            "depreciation": "None",
            "depreciationAndAmortization": "336000000",
            "incomeBeforeTax": "262000000",
            "incomeTaxExpense": "260000000",
            "interestAndDebtExpense": "None",
            "netIncomeFromContinuingOperations": "-3000000",
            "comprehensiveIncomeNetOfTax": "-36000000",
            "ebit": "541000000",
            "ebitda": "652000000",
            "netIncome": "2000000"
        },
        {
            "fiscalDateEnding": "2018-09-30",
            "reportedCurrency": "USD",
            "grossProfit": "401000000",
            "totalRevenue": "1742000000",
            "costOfRevenue": "459000000",
            "costofGoodsAndServicesSold": "-32000000",
            "operatingIncome": "779000000",
            "sellingGeneralAndAdministrative": "59000000",
            "researchAndDevelopment": "37000000",
            "operatingExpenses": "504000000",
            "investmentIncomeNet": "15000000",
            "netInterestIncome": "None",
            "interestIncome": "None",
            "interestExpense": "51000000",
            "nonInterestIncome": "1742000000",
            "otherNonOperatingIncome": "37000000",
            "depreciation": "None",
            "depreciationAndAmortization": "299000000",
            "incomeBeforeTax": "-142000000",
            "incomeTaxExpense": "3000000",
            "interestAndDebtExpense": "None",
            "netIncomeFromContinuingOperations": "-161000000",
            "comprehensiveIncomeNetOfTax": "-133000000",
            "ebit": "779000000",
            "ebitda": "208000000",
            "netIncome": "-145000000"
        },
        {
            "fiscalDateEnding": "2018-06-30",
            "reportedCurrency": "USD",
            "grossProfit": "381000000",
            "totalRevenue": "1676000000",
            "costOfRevenue": "164000000",
            "costofGoodsAndServicesSold": "54000000",
            "operatingIncome": "1449000000",
            "sellingGeneralAndAdministrative": "63000000",
            "researchAndDevelopment": "36000000",
            "operatingExpenses": "63000000",
            "investmentIncomeNet": "13000000",
            "netInterestIncome": "None",
            "interestIncome": "None",
            "interestExpense": "49000000",
            "nonInterestIncome": "1676000000",
            "otherNonOperatingIncome": "139000000",
            "depreciation": "None",
            "depreciationAndAmortization": "279000000",
            "incomeBeforeTax": "310000000",
            "incomeTaxExpense": "18000000",
            "interestAndDebtExpense": "None",
            "netIncomeFromContinuingOperations": "274000000",
            "comprehensiveIncomeNetOfTax": "299000000",
            "ebit": "1449000000",
            "ebitda": "638000000",
            "netIncome": "292000000"
        },
        {
            "fiscalDateEnding": "2018-03-31",
            "reportedCurrency": "USD",
            "grossProfit": "459000000",
            "totalRevenue": "1824000000",
            "costOfRevenue": "216000000",
            "costofGoodsAndServicesSold": "122000000",
            "operatingIncome": "1463000000",
            "sellingGeneralAndAdministrative": "59000000",
            "researchAndDevelopment": "34000000",
            "operatingExpenses": "145000000",
            "investmentIncomeNet": "11000000",
            "netInterestIncome": "None",
            "interestIncome": "None",
            "interestExpense": "53000000",
            "nonInterestIncome": "1824000000",
            "otherNonOperatingIncome": "21000000",
            "depreciation": "None",
            "depreciationAndAmortization": "301000000",
            "incomeBeforeTax": "297000000",
            "incomeTaxExpense": "105000000",
            "interestAndDebtExpense": "None",
            "netIncomeFromContinuingOperations": "170000000",
            "comprehensiveIncomeNetOfTax": "200000000",
            "ebit": "1463000000",
            "ebitda": "651000000",
            "netIncome": "192000000"
        }
    ]
}