{
    "symbol": "AIG",
    "annualReports": [
        {
            "fiscalDateEnding": "2022-12-31",
            "reportedCurrency": "USD",
            "grossProfit": "2349000000",
            "totalRevenue": "56437000000",
            "costOfRevenue": "54088000000",
            "costofGoodsAndServicesSold": "None",
            "operatingIncome": "-7471000000",
            "sellingGeneralAndAdministrative": "9195000000",
            "researchAndDevelopment": "None",
            "operatingExpenses": "9791000000",
            "investmentIncomeNet": "-651000000",
            "netInterestIncome": "-1125000000",
            "interestIncome": "2162000000",
            "interestExpense": "1125000000",
            "nonInterestIncome": "30427000000",
            "otherNonOperatingIncome": "None",
            "depreciation": "None",
            "depreciationAndAmortization": "4848000000",
            "incomeBeforeTax": "13282000000",
            "incomeTaxExpense": "3006000000",
            "interestAndDebtExpense": "1428000000",
            "netIncomeFromContinuingOperations": "10277000000",
            "comprehensiveIncomeNetOfTax": "-20543000000",
            "ebit": "14407000000",
            "ebitda": "19226000000",
            "netIncome": "10276000000"
        },
        {
            "fiscalDateEnding": "2021-12-31",
            "reportedCurrency": "USD",
            "grossProfit": "-13472000000",
            "totalRevenue": "52057000000",
            "costOfRevenue": "65529000000",
            "costofGoodsAndServicesSold": "None",
            "operatingIncome": "-22270000000",
            "sellingGeneralAndAdministrative": "8790000000",
            "researchAndDevelopment": "None",
            "operatingExpenses": "8798000000",
            "investmentIncomeNet": "-522000000",
            "netInterestIncome": "-1305000000",
            "interestIncome": "1305000000",
            "interestExpense": "1305000000",
            "nonInterestIncome": "31950000000",
            "otherNonOperatingIncome": "None",
            "depreciation": "None",
            "depreciationAndAmortization": "8000000",
            "incomeBeforeTax": "11564000000",
            "incomeTaxExpense": "2176000000",
            "interestAndDebtExpense": "1694000000",
            "netIncomeFromContinuingOperations": "9359000000",
            "comprehensiveIncomeNetOfTax": "3663000000",
            "ebit": "12869000000",
            "ebitda": "12877000000",
            "netIncome": "9388000000"
        },
        {
            "fiscalDateEnding": "2020-12-31",
            "reportedCurrency": "USD",
            "grossProfit": "-22231000000",
            "totalRevenue": "43736000000",
            "costOfRevenue": "65967000000",
            "costofGoodsAndServicesSold": "None",
            "operatingIncome": "-30436000000",
            "sellingGeneralAndAdministrative": "8396000000",
            "researchAndDevelopment": "None",
            "operatingExpenses": "8205000000",
            "investmentIncomeNet": "-558000000",
            "netInterestIncome": "-1457000000",
            "interestIncome": "1989000000",
            "interestExpense": "1457000000",
            "nonInterestIncome": "26944000000",
            "otherNonOperatingIncome": "None",
            "depreciation": "None",
            "depreciationAndAmortization": "9000000",
            "incomeBeforeTax": "-7404000000",
            "incomeTaxExpense": "-1460000000",
            "interestAndDebtExpense": "1469000000",
            "netIncomeFromContinuingOperations": "-5977000000",
            "comprehensiveIncomeNetOfTax": "2585000000",
            "ebit": "-5947000000",
            "ebitda": "-5938000000",
            "netIncome": "-5944000000"
        },
        {
            "fiscalDateEnding": "2019-12-31",
            "reportedCurrency": "USD",
            "grossProfit": "-18724000000",
            "totalRevenue": "49746000000",
            "costOfRevenue": "68470000000",
            "costofGoodsAndServicesSold": "34398000000",
            "operatingIncome": "-27069000000",
            "sellingGeneralAndAdministrative": "8537000000",
            "researchAndDevelopment": "None",
            "operatingExpenses": "8345000000",
            "investmentIncomeNet": "-525000000",
            "netInterestIncome": "-1417000000",
            "interestIncome": "2030000000",
            "interestExpense": "1417000000",
            "nonInterestIncome": "30734000000",
            "otherNonOperatingIncome": "None",
            "depreciation": "None",
            "depreciationAndAmortization": "8000000",
            "incomeBeforeTax": "4514000000",
            "incomeTaxExpense": "1166000000",
            "interestAndDebtExpense": "1449000000",
            "netIncomeFromContinuingOperations": "3278000000",
            "comprehensiveIncomeNetOfTax": "9743000000",
            "ebit": "5931000000",
            "ebitda": "5939000000",
            "netIncome": "3348000000"
        },
        {
            "fiscalDateEnding": "2018-12-31",
            "reportedCurrency": "USD",
            "grossProfit": "-26038000000",
            "totalRevenue": "47389000000",
            "costOfRevenue": "73427000000",
            "costofGoodsAndServicesSold": "36552000000",
            "operatingIncome": "-35351000000",
            "sellingGeneralAndAdministrative": "9302000000",
            "researchAndDevelopment": "None",
            "operatingExpenses": "9313000000",
            "investmentIncomeNet": "-493000000",
            "netInterestIncome": "-1309000000",
            "interestIncome": "1309000000",
            "interestExpense": "1309000000",
            "nonInterestIncome": "30842000000",
            "otherNonOperatingIncome": "None",
            "depreciation": "None",
            "depreciationAndAmortization": "11000000",
            "incomeBeforeTax": "148000000",
            "incomeTaxExpense": "154000000",
            "interestAndDebtExpense": "1316000000",
            "netIncomeFromContinuingOperations": "36000000",
            "comprehensiveIncomeNetOfTax": "-6308000000",
            "ebit": "1457000000",
            "ebitda": "1468000000",
            "netIncome": "-6000000"
        }
    ],
    "quarterlyReports": [
        {
            "fiscalDateEnding": "2022-12-31",
            "reportedCurrency": "USD",
            "grossProfit": "290000000",
            "totalRevenue": "11586000000",
            "costOfRevenue": "11296000000",
            "costofGoodsAndServicesSold": "None",
            "operatingIncome": "-2583000000",
            "sellingGeneralAndAdministrative": "2698000000",
            "researchAndDevelopment": "None",
            "operatingExpenses": "2867000000",
            "investmentIncomeNet": "-172000000",
            "netInterestIncome": "-314000000",
            "interestIncome": "734000000",
            "interestExpense": "314000000",
            "nonInterestIncome": "9046000000",
            "otherNonOperatingIncome": "None",
            "depreciation": "None",
            "depreciationAndAmortization": "930000000",
            "incomeBeforeTax": "364000000",
            "incomeTaxExpense": "93000000",
            "interestAndDebtExpense": "318000000",
            "netIncomeFromContinuingOperations": "271000000",
            "comprehensiveIncomeNetOfTax": "1972000000",
            "ebit": "678000000",
            "ebitda": "1586000000",
            "netIncome": "271000000"
        },
        {
            "fiscalDateEnding": "2022-09-30",
            "reportedCurrency": "USD",
            "grossProfit": "-963000000",
            "totalRevenue": "14602000000",
            "costOfRevenue": "15565000000",
            "costofGoodsAndServicesSold": "None",
            "operatingIncome": "-3210000000",
            "sellingGeneralAndAdministrative": "2093000000",
            "researchAndDevelopment": "None",
            "operatingExpenses": "2240000000",
            "investmentIncomeNet": "-151000000",
            "netInterestIncome": "-282000000",
            "interestIncome": "282000000",
            "interestExpense": "282000000",
            "nonInterestIncome": "7740000000",
            "otherNonOperatingIncome": "None",
            "depreciation": "None",
            "depreciationAndAmortization": "1220000000",
            "incomeBeforeTax": "3515000000",
            "incomeTaxExpense": "806000000",
            "interestAndDebtExpense": "282000000",
            "netIncomeFromContinuingOperations": "2709000000",
            "comprehensiveIncomeNetOfTax": "-5468000000",
            "ebit": "3797000000",
            "ebitda": "5010000000",
            "netIncome": "2709000000"
        },
        {
            "fiscalDateEnding": "2022-06-30",
            "reportedCurrency": "USD",
            "grossProfit": "901000000",
            "totalRevenue": "14441000000",
            "costOfRevenue": "13540000000",
            "costofGoodsAndServicesSold": "None",
            "operatingIncome": "-1506000000",
            "sellingGeneralAndAdministrative": "2223000000",
            "researchAndDevelopment": "None",
            "operatingExpenses": "2398000000",
            "investmentIncomeNet": "-173000000",
            "netInterestIncome": "-266000000",
            "interestIncome": "266000000",
            "interestExpense": "266000000",
            "nonInterestIncome": "6579000000",
            "otherNonOperatingIncome": "None",
            "depreciation": "None",
            "depreciationAndAmortization": "1251000000",
            "incomeBeforeTax": "3964000000",
            "incomeTaxExpense": "928000000",
            "interestAndDebtExpense": "565000000",
            "netIncomeFromContinuingOperations": "3037000000",
            "comprehensiveIncomeNetOfTax": "-8720000000",
            "ebit": "4230000000",
            "ebitda": "5481000000",
            "netIncome": "3036000000"
        },
        {
            "fiscalDateEnding": "2022-03-31",
            "reportedCurrency": "USD",
            "grossProfit": "2248000000",
            "totalRevenue": "15808000000",
            "costOfRevenue": "13560000000",
            "costofGoodsAndServicesSold": "None",
            "operatingIncome": "67000000",
            "sellingGeneralAndAdministrative": "2181000000",
            "researchAndDevelopment": "None",
            "operatingExpenses": "2181000000",
            "investmentIncomeNet": "-155000000",
            "netInterestIncome": "-263000000",
            "interestIncome": "453000000",
            "interestExpense": "263000000",
            "nonInterestIncome": "7922000000",
            "otherNonOperatingIncome": "None",
            "depreciation": "None",
            "depreciationAndAmortization": "1447000000",
            "incomeBeforeTax": "5439000000",
            "incomeTaxExpense": "1179000000",
            "interestAndDebtExpense": "263000000",
            "netIncomeFromContinuingOperations": "4253000000",
            "comprehensiveIncomeNetOfTax": "-8327000000",
            "ebit": "5702000000",
            "ebitda": "7149000000",
            "netIncome": "4260000000"
        },
        {
            "fiscalDateEnding": "2021-12-31",
            "reportedCurrency": "USD",
            "grossProfit": "-4530000000",
            "totalRevenue": "14087000000",
            "costOfRevenue": "18617000000",
            "costofGoodsAndServicesSold": "None",
            "operatingIncome": "-6782000000",
            "sellingGeneralAndAdministrative": "2244000000",
            "researchAndDevelopment": "None",
            "operatingExpenses": "2252000000",
            "investmentIncomeNet": "-146000000",
            "netInterestIncome": "-297000000",
            "interestIncome": "297000000",
            "interestExpense": "297000000",
            "nonInterestIncome": "9362000000",
            "otherNonOperatingIncome": "None",
            "depreciation": "None",
            "depreciationAndAmortization": "1043000000",
            "incomeBeforeTax": "4688000000",
            "incomeTaxExpense": "942000000",
            "interestAndDebtExpense": "537000000",
            "netIncomeFromContinuingOperations": "3739000000",
            "comprehensiveIncomeNetOfTax": "2926000000",
            "ebit": "4985000000",
            "ebitda": "6028000000",
            "netIncome": "3746000000"
        },
        {
            "fiscalDateEnding": "2021-09-30",
            "reportedCurrency": "USD",
            "grossProfit": "-3479000000",
            "totalRevenue": "12835000000",
            "costOfRevenue": "16314000000",
            "costofGoodsAndServicesSold": "None",
            "operatingIncome": "-5719000000",
            "sellingGeneralAndAdministrative": "2240000000",
            "researchAndDevelopment": "None",
            "operatingExpenses": "2240000000",
            "investmentIncomeNet": "-141000000",
            "netInterestIncome": "-328000000",
            "interestIncome": "435000000",
            "interestExpense": "328000000",
            "nonInterestIncome": "7875000000",
            "otherNonOperatingIncome": "None",
            "depreciation": "None",
            "depreciationAndAmortization": "1220000000",
            "incomeBeforeTax": "2106000000",
            "incomeTaxExpense": "439000000",
            "interestAndDebtExpense": "379000000",
            "netIncomeFromContinuingOperations": "1660000000",
            "comprehensiveIncomeNetOfTax": "64000000",
            "ebit": "2434000000",
            "ebitda": "3654000000",
            "netIncome": "1667000000"
        },
        {
            "fiscalDateEnding": "2021-06-30",
            "reportedCurrency": "USD",
            "grossProfit": "-5406000000",
            "totalRevenue": "10681000000",
            "costOfRevenue": "16087000000",
            "costofGoodsAndServicesSold": "None",
            "operatingIncome": "-7624000000",
            "sellingGeneralAndAdministrative": "2218000000",
            "researchAndDevelopment": "None",
            "operatingExpenses": "2218000000",
            "investmentIncomeNet": "-115000000",
            "netInterestIncome": "-338000000",
            "interestIncome": "503000000",
            "interestExpense": "338000000",
            "nonInterestIncome": "7680000000",
            "otherNonOperatingIncome": "None",
            "depreciation": "None",
            "depreciationAndAmortization": "947000000",
            "incomeBeforeTax": "96000000",
            "incomeTaxExpense": "-3000000",
            "interestAndDebtExpense": "444000000",
            "netIncomeFromContinuingOperations": "91000000",
            "comprehensiveIncomeNetOfTax": "3842000000",
            "ebit": "434000000",
            "ebitda": "1381000000",
            "netIncome": "99000000"
        },
        {
            "fiscalDateEnding": "2021-03-31",
            "reportedCurrency": "USD",
            "grossProfit": "-57000000",
            "totalRevenue": "14454000000",
            "costOfRevenue": "14511000000",
            "costofGoodsAndServicesSold": "None",
            "operatingIncome": "-2145000000",
            "sellingGeneralAndAdministrative": "2088000000",
            "researchAndDevelopment": "None",
            "operatingExpenses": "2088000000",
            "investmentIncomeNet": "-120000000",
            "netInterestIncome": "-342000000",
            "interestIncome": "414000000",
            "interestExpense": "342000000",
            "nonInterestIncome": "6694000000",
            "otherNonOperatingIncome": "None",
            "depreciation": "None",
            "depreciationAndAmortization": "1423000000",
            "incomeBeforeTax": "4674000000",
            "incomeTaxExpense": "798000000",
            "interestAndDebtExpense": "334000000",
            "netIncomeFromContinuingOperations": "3869000000",
            "comprehensiveIncomeNetOfTax": "-3169000000",
            "ebit": "5016000000",
            "ebitda": "6439000000",
            "netIncome": "3876000000"
        },
        {
            "fiscalDateEnding": "2020-12-31",
            "reportedCurrency": "USD",
            "grossProfit": "-6491000000",
            "totalRevenue": "9676000000",
            "costOfRevenue": "16167000000",
            "costofGoodsAndServicesSold": "None",
            "operatingIncome": "-8482800000",
            "sellingGeneralAndAdministrative": "2165000000",
            "researchAndDevelopment": "None",
            "operatingExpenses": "1991800000",
            "investmentIncomeNet": "-138000000",
            "netInterestIncome": "-358000000",
            "interestIncome": "489000000",
            "interestExpense": "358000000",
            "nonInterestIncome": "5163000000",
            "otherNonOperatingIncome": "None",
            "depreciation": "None",
            "depreciationAndAmortization": "897000000",
            "incomeBeforeTax": "-595000000",
            "incomeTaxExpense": "-542000000",
            "interestAndDebtExpense": "355000000",
            "netIncomeFromContinuingOperations": "-60000000",
            "comprehensiveIncomeNetOfTax": "2480000000",
            "ebit": "-237000000",
            "ebitda": "660000000",
            "netIncome": "-53000000"
        },
        {
            "fiscalDateEnding": "2020-09-30",
            "reportedCurrency": "USD",
            "grossProfit": "-5106000000",
            "totalRevenue": "10221000000",
            "costOfRevenue": "15327000000",
            "costofGoodsAndServicesSold": "None",
            "operatingIncome": "-7097000000",
            "sellingGeneralAndAdministrative": "1991000000",
            "researchAndDevelopment": "None",
            "operatingExpenses": "1991000000",
            "investmentIncomeNet": "-133000000",
            "netInterestIncome": "-379000000",
            "interestIncome": "379000000",
            "interestExpense": "379000000",
            "nonInterestIncome": "6190000000",
            "otherNonOperatingIncome": "None",
            "depreciation": "None",
            "depreciationAndAmortization": "663000000",
            "incomeBeforeTax": "362000000",
            "incomeTaxExpense": "74000000",
            "interestAndDebtExpense": "377000000",
            "netIncomeFromContinuingOperations": "276000000",
            "comprehensiveIncomeNetOfTax": "2097000000",
            "ebit": "741000000",
            "ebitda": "1404000000",
            "netIncome": "288000000"
        },
        {
            "fiscalDateEnding": "2020-06-30",
            "reportedCurrency": "USD",
            "grossProfit": "-7424000000",
            "totalRevenue": "9396000000",
            "costOfRevenue": "16820000000",
            "costofGoodsAndServicesSold": "None",
            "operatingIncome": "-9511000000",
            "sellingGeneralAndAdministrative": "2087000000",
            "researchAndDevelopment": "None",
            "operatingExpenses": "2087000000",
            "investmentIncomeNet": "-139000000",
            "netInterestIncome": "-365000000",
            "interestIncome": "498000000",
            "interestExpense": "365000000",
            "nonInterestIncome": "6883000000",
            "otherNonOperatingIncome": "None",
            "depreciation": "None",
            "depreciationAndAmortization": "682000000",
            "incomeBeforeTax": "-9824000000",
            "incomeTaxExpense": "-1896000000",
            "interestAndDebtExpense": "365000000",
            "netIncomeFromContinuingOperations": "-7935000000",
            "comprehensiveIncomeNetOfTax": "2235000000",
            "ebit": "-9459000000",
            "ebitda": "-8777000000",
            "netIncome": "-7928000000"
        },
        {
            "fiscalDateEnding": "2020-03-31",
            "reportedCurrency": "USD",
            "grossProfit": "-3148000000",
            "totalRevenue": "14443000000",
            "costOfRevenue": "17591000000",
            "costofGoodsAndServicesSold": "None",
            "operatingIncome": "-5301000000",
            "sellingGeneralAndAdministrative": "2153000000",
            "researchAndDevelopment": "None",
            "operatingExpenses": "2153000000",
            "investmentIncomeNet": "-148000000",
            "netInterestIncome": "-355000000",
            "interestIncome": "513000000",
            "interestExpense": "355000000",
            "nonInterestIncome": "8731000000",
            "otherNonOperatingIncome": "None",
            "depreciation": "None",
            "depreciationAndAmortization": "1878000000",
            "incomeBeforeTax": "2653000000",
            "incomeTaxExpense": "904000000",
            "interestAndDebtExpense": "372000000",
            "netIncomeFromContinuingOperations": "1742000000",
            "comprehensiveIncomeNetOfTax": "-4227000000",
            "ebit": "3008000000",
            "ebitda": "4886000000",
            "netIncome": "1749000000"
        },
        {
            "fiscalDateEnding": "2019-12-31",
            "reportedCurrency": "USD",
            "grossProfit": "11771000000",
            "totalRevenue": "11815000000",
            "costOfRevenue": "44000000",
            "costofGoodsAndServicesSold": "8172000000",
            "operatingIncome": "11727000000",
            "sellingGeneralAndAdministrative": "2157000000",
            "researchAndDevelopment": "None",
            "operatingExpenses": "44000000",
            "investmentIncomeNet": "-144000000",
            "netInterestIncome": "-360000000",
            "interestIncome": "519000000",
            "interestExpense": "360000000",
            "nonInterestIncome": "7271000000",
            "otherNonOperatingIncome": "None",
            "depreciation": "None",
            "depreciationAndAmortization": "1173000000",
            "incomeBeforeTax": "1145000000",
            "incomeTaxExpense": "216000000",
            "interestAndDebtExpense": "379000000",
            "netIncomeFromContinuingOperations": "873000000",
            "comprehensiveIncomeNetOfTax": "296000000",
            "ebit": "1505000000",
            "ebitda": "2678000000",
            "netIncome": "929000000"
        },
        {
            "fiscalDateEnding": "2019-09-30",
            "reportedCurrency": "USD",
            "grossProfit": "-5300000000",
            "totalRevenue": "12914000000",
            "costOfRevenue": "18214000000",
            "costofGoodsAndServicesSold": "9110000000",
            "operatingIncome": "-7487000000",
            "sellingGeneralAndAdministrative": "2187000000",
            "researchAndDevelopment": "None",
            "operatingExpenses": "2187000000",
            "investmentIncomeNet": "-135000000",
            "netInterestIncome": "-348000000",
            "interestIncome": "495000000",
            "interestExpense": "348000000",
            "nonInterestIncome": "7880000000",
            "otherNonOperatingIncome": "None",
            "depreciation": "None",
            "depreciationAndAmortization": "1176000000",
            "incomeBeforeTax": "943000000",
            "incomeTaxExpense": "287000000",
            "interestAndDebtExpense": "348000000",
            "netIncomeFromContinuingOperations": "648000000",
            "comprehensiveIncomeNetOfTax": "1280000000",
            "ebit": "1291000000",
            "ebitda": "2467000000",
            "netIncome": "656000000"
        },
        {
            "fiscalDateEnding": "2019-06-30",
            "reportedCurrency": "USD",
            "grossProfit": "-3575000000",
            "totalRevenue": "12561000000",
            "costOfRevenue": "16136000000",
            "costofGoodsAndServicesSold": "8208000000",
            "operatingIncome": "-5715000000",
            "sellingGeneralAndAdministrative": "2140000000",
            "researchAndDevelopment": "None",
            "operatingExpenses": "2140000000",
            "investmentIncomeNet": "-132000000",
            "netInterestIncome": "-360000000",
            "interestIncome": "518000000",
            "interestExpense": "360000000",
            "nonInterestIncome": "7620000000",
            "otherNonOperatingIncome": "None",
            "depreciation": "None",
            "depreciationAndAmortization": "1358000000",
            "incomeBeforeTax": "1555000000",
            "incomeTaxExpense": "446000000",
            "interestAndDebtExpense": "375000000",
            "netIncomeFromContinuingOperations": "1103000000",
            "comprehensiveIncomeNetOfTax": "3972000000",
            "ebit": "1915000000",
            "ebitda": "3273000000",
            "netIncome": "1109000000"
        },
        {
            "fiscalDateEnding": "2019-03-31",
            "reportedCurrency": "USD",
            "grossProfit": "-5159000000",
            "totalRevenue": "12456000000",
            "costOfRevenue": "17615000000",
            "costofGoodsAndServicesSold": "8908000000",
            "operatingIncome": "-7212000000",
            "sellingGeneralAndAdministrative": "2053000000",
            "researchAndDevelopment": "None",
            "operatingExpenses": "2053000000",
            "investmentIncomeNet": "-114000000",
            "netInterestIncome": "-349000000",
            "interestIncome": "349000000",
            "interestExpense": "349000000",
            "nonInterestIncome": "7963000000",
            "otherNonOperatingIncome": "None",
            "depreciation": "None",
            "depreciationAndAmortization": "1299000000",
            "incomeBeforeTax": "871000000",
            "incomeTaxExpense": "217000000",
            "interestAndDebtExpense": "347000000",
            "netIncomeFromContinuingOperations": "654000000",
            "comprehensiveIncomeNetOfTax": "4195000000",
            "ebit": "1220000000",
            "ebitda": "2519000000",
            "netIncome": "654000000"
        },
        {
            "fiscalDateEnding": "2018-12-31",
            "reportedCurrency": "USD",
            "grossProfit": "12424000000",
            "totalRevenue": "12560000000",
            "costOfRevenue": "136000000",
            "costofGoodsAndServicesSold": "10471000000",
            "operatingIncome": "12288000000",
            "sellingGeneralAndAdministrative": "2383000000",
            "researchAndDevelopment": "None",
            "operatingExpenses": "136000000",
            "investmentIncomeNet": "-128000000",
            "netInterestIncome": "-407000000",
            "interestIncome": "None",
            "interestExpense": "407000000",
            "nonInterestIncome": "-3000000",
            "otherNonOperatingIncome": "None",
            "depreciation": "None",
            "depreciationAndAmortization": "1549000000",
            "incomeBeforeTax": "-759000000",
            "incomeTaxExpense": "-137000000",
            "interestAndDebtExpense": "3000000",
            "netIncomeFromContinuingOperations": "-620000000",
            "comprehensiveIncomeNetOfTax": "-1499000000",
            "ebit": "-352000000",
            "ebitda": "1197000000",
            "netIncome": "-622000000"
        },
        {
            "fiscalDateEnding": "2018-09-30",
            "reportedCurrency": "USD",
            "grossProfit": "-9537000000",
            "totalRevenue": "11486000000",
            "costOfRevenue": "21023000000",
            "costofGoodsAndServicesSold": "10363000000",
            "operatingIncome": "-11862000000",
            "sellingGeneralAndAdministrative": "2325000000",
            "researchAndDevelopment": "None",
            "operatingExpenses": "2325000000",
            "investmentIncomeNet": "-115000000",
            "netInterestIncome": "-326000000",
            "interestIncome": "None",
            "interestExpense": "326000000",
            "nonInterestIncome": "7645000000",
            "otherNonOperatingIncome": "None",
            "depreciation": "None",
            "depreciationAndAmortization": "1029000000",
            "incomeBeforeTax": "-1566000000",
            "incomeTaxExpense": "-307000000",
            "interestAndDebtExpense": "327000000",
            "netIncomeFromContinuingOperations": "-1220000000",
            "comprehensiveIncomeNetOfTax": "-2025000000",
            "ebit": "-1240000000",
            "ebitda": "-211000000",
            "netIncome": "-1259000000"
        },
        {
            "fiscalDateEnding": "2018-06-30",
            "reportedCurrency": "USD",
            "grossProfit": "-4000000000",
            "totalRevenue": "11631000000",
            "costOfRevenue": "15631000000",
            "costofGoodsAndServicesSold": "7777000000",
            "operatingIncome": "-6323000000",
            "sellingGeneralAndAdministrative": "2323000000",
            "researchAndDevelopment": "None",
            "operatingExpenses": "2323000000",
            "investmentIncomeNet": "-126000000",
            "netInterestIncome": "-299000000",
            "interestIncome": "None",
            "interestExpense": "299000000",
            "nonInterestIncome": "8153000000",
            "otherNonOperatingIncome": "None",
            "depreciation": "None",
            "depreciationAndAmortization": "1402000000",
            "incomeBeforeTax": "1258000000",
            "incomeTaxExpense": "321000000",
            "interestAndDebtExpense": "304000000",
            "netIncomeFromContinuingOperations": "937000000",
            "comprehensiveIncomeNetOfTax": "-1053000000",
            "ebit": "1557000000",
            "ebitda": "2959000000",
            "netIncome": "937000000"
        },
        {
            "fiscalDateEnding": "2018-03-31",
            "reportedCurrency": "USD",
            "grossProfit": "-4142000000",
            "totalRevenue": "11712000000",
            "costOfRevenue": "15854000000",
            "costofGoodsAndServicesSold": "7941000000",
            "operatingIncome": "-6413000000",
            "sellingGeneralAndAdministrative": "2271000000",
            "researchAndDevelopment": "None",
            "operatingExpenses": "2271000000",
            "investmentIncomeNet": "-124000000",
            "netInterestIncome": "-277000000",
            "interestIncome": "None",
            "interestExpense": "277000000",
            "nonInterestIncome": "7863000000",
            "otherNonOperatingIncome": "None",
            "depreciation": "None",
            "depreciationAndAmortization": "1382000000",
            "incomeBeforeTax": "1215000000",
            "incomeTaxExpense": "277000000",
            "interestAndDebtExpense": "281000000",
            "netIncomeFromContinuingOperations": "939000000",
            "comprehensiveIncomeNetOfTax": "-1731000000",
            "ebit": "1492000000",
            "ebitda": "2874000000",
            "netIncome": "938000000"
        }
    ]
}