{
    "symbol": "ALL",
    "annualReports": [
        {
            "fiscalDateEnding": "2022-12-31",
            "reportedCurrency": "USD",
            "grossProfit": "44260000000",
            "totalRevenue": "51412000000",
            "costOfRevenue": "7152000000",
            "costofGoodsAndServicesSold": "None",
            "operatingIncome": "36317000000",
            "sellingGeneralAndAdministrative": "93000000",
            "researchAndDevelopment": "None",
            "operatingExpenses": "7943000000",
            "investmentIncomeNet": "-246000000",
            "netInterestIncome": "-335000000",
            "interestIncome": "None",
            "interestExpense": "335000000",
            "nonInterestIncome": "47551000000",
            "otherNonOperatingIncome": "None",
            "depreciation": "335000000",
            "depreciationAndAmortization": "353000000",
            "incomeBeforeTax": "-1805000000",
            "incomeTaxExpense": "-494000000",
            "interestAndDebtExpense": "335000000",
            "netIncomeFromContinuingOperations": "-1311000000",
            "comprehensiveIncomeNetOfTax": "-4335000000",
            "ebit": "-1470000000",
            "ebitda": "-1117000000",
            "netIncome": "-1311000000"
        },
        {
            "fiscalDateEnding": "2021-12-31",
            "reportedCurrency": "USD",
            "grossProfit": "42899000000",
            "totalRevenue": "50588000000",
            "costOfRevenue": "7689000000",
            "costofGoodsAndServicesSold": "None",
            "operatingIncome": "34973000000",
            "sellingGeneralAndAdministrative": "120000000",
            "researchAndDevelopment": "None",
            "operatingExpenses": "7926000000",
            "investmentIncomeNet": "-171000000",
            "netInterestIncome": "-330000000",
            "interestIncome": "None",
            "interestExpense": "330000000",
            "nonInterestIncome": "40556000000",
            "otherNonOperatingIncome": "None",
            "depreciation": "411000000",
            "depreciationAndAmortization": "376000000",
            "incomeBeforeTax": "2888000000",
            "incomeTaxExpense": "1289000000",
            "interestAndDebtExpense": "330000000",
            "netIncomeFromContinuingOperations": "5192000000",
            "comprehensiveIncomeNetOfTax": "-1047000000",
            "ebit": "3218000000",
            "ebitda": "3594000000",
            "netIncome": "1599000000"
        },
        {
            "fiscalDateEnding": "2020-12-31",
            "reportedCurrency": "USD",
            "grossProfit": "38008000000",
            "totalRevenue": "41909000000",
            "costOfRevenue": "6783000000",
            "costofGoodsAndServicesSold": "None",
            "operatingIncome": "31775000000",
            "sellingGeneralAndAdministrative": "124000000",
            "researchAndDevelopment": "None",
            "operatingExpenses": "6233000000",
            "investmentIncomeNet": "-213000000",
            "netInterestIncome": "-318000000",
            "interestIncome": "None",
            "interestExpense": "318000000",
            "nonInterestIncome": "39936000000",
            "otherNonOperatingIncome": "4000000",
            "depreciation": "353000000",
            "depreciationAndAmortization": "118000000",
            "incomeBeforeTax": "6949000000",
            "incomeTaxExpense": "1373000000",
            "interestAndDebtExpense": "318000000",
            "netIncomeFromContinuingOperations": "5429000000",
            "comprehensiveIncomeNetOfTax": "6930000000",
            "ebit": "7267000000",
            "ebitda": "7385000000",
            "netIncome": "5576000000"
        },
        {
            "fiscalDateEnding": "2019-12-31",
            "reportedCurrency": "USD",
            "grossProfit": "38201000000",
            "totalRevenue": "41541000000",
            "costOfRevenue": "6474000000",
            "costofGoodsAndServicesSold": "32188000000",
            "operatingIncome": "32216000000",
            "sellingGeneralAndAdministrative": "105000000",
            "researchAndDevelopment": "None",
            "operatingExpenses": "5985000000",
            "investmentIncomeNet": "-277000000",
            "netInterestIncome": "-327000000",
            "interestIncome": "None",
            "interestExpense": "327000000",
            "nonInterestIncome": "39934000000",
            "otherNonOperatingIncome": "6000000",
            "depreciation": "326000000",
            "depreciationAndAmortization": "126000000",
            "incomeBeforeTax": "5963000000",
            "incomeTaxExpense": "1116000000",
            "interestAndDebtExpense": "327000000",
            "netIncomeFromContinuingOperations": "4327000000",
            "comprehensiveIncomeNetOfTax": "6679000000",
            "ebit": "6290000000",
            "ebitda": "6416000000",
            "netIncome": "4847000000"
        },
        {
            "fiscalDateEnding": "2018-12-31",
            "reportedCurrency": "USD",
            "grossProfit": "33473000000",
            "totalRevenue": "39815000000",
            "costOfRevenue": "6342000000",
            "costofGoodsAndServicesSold": "30627000000",
            "operatingIncome": "27140000000",
            "sellingGeneralAndAdministrative": "276000000",
            "researchAndDevelopment": "None",
            "operatingExpenses": "6333000000",
            "investmentIncomeNet": "-274000000",
            "netInterestIncome": "-332000000",
            "interestIncome": "None",
            "interestExpense": "332000000",
            "nonInterestIncome": "35865000000",
            "otherNonOperatingIncome": "6000000",
            "depreciation": "299000000",
            "depreciationAndAmortization": "105000000",
            "incomeBeforeTax": "2628000000",
            "incomeTaxExpense": "468000000",
            "interestAndDebtExpense": "332000000",
            "netIncomeFromContinuingOperations": "26413000000",
            "comprehensiveIncomeNetOfTax": "1299000000",
            "ebit": "2960000000",
            "ebitda": "3065000000",
            "netIncome": "2160000000"
        }
    ],
    "quarterlyReports": [
        {
            "fiscalDateEnding": "2022-12-31",
            "reportedCurrency": "USD",
            "grossProfit": "13647000000",
            "totalRevenue": "13647000000",
            "costOfRevenue": "1948000000",
            "costofGoodsAndServicesSold": "None",
            "operatingIncome": "13647000000",
            "sellingGeneralAndAdministrative": "25000000",
            "researchAndDevelopment": "None",
            "operatingExpenses": "2058000000",
            "investmentIncomeNet": "-75000000",
            "netInterestIncome": "-84000000",
            "interestIncome": "None",
            "interestExpense": "84000000",
            "nonInterestIncome": "48083000000",
            "otherNonOperatingIncome": "None",
            "depreciation": "None",
            "depreciationAndAmortization": "89000000",
            "incomeBeforeTax": "-401000000",
            "incomeTaxExpense": "-117000000",
            "interestAndDebtExpense": "84000000",
            "netIncomeFromContinuingOperations": "-284000000",
            "comprehensiveIncomeNetOfTax": "364000000",
            "ebit": "-317000000",
            "ebitda": "-228000000",
            "netIncome": "-284000000"
        },
        {
            "fiscalDateEnding": "2022-09-30",
            "reportedCurrency": "USD",
            "grossProfit": "11422000000",
            "totalRevenue": "13208000000",
            "costOfRevenue": "1786000000",
            "costofGoodsAndServicesSold": "None",
            "operatingIncome": "9476000000",
            "sellingGeneralAndAdministrative": "79000000",
            "researchAndDevelopment": "None",
            "operatingExpenses": "1946000000",
            "investmentIncomeNet": "-64000000",
            "netInterestIncome": "-85000000",
            "interestIncome": "None",
            "interestExpense": "85000000",
            "nonInterestIncome": "14000000",
            "otherNonOperatingIncome": "None",
            "depreciation": "None",
            "depreciationAndAmortization": "90000000",
            "incomeBeforeTax": "-905000000",
            "incomeTaxExpense": "-237000000",
            "interestAndDebtExpense": "85000000",
            "netIncomeFromContinuingOperations": "-668000000",
            "comprehensiveIncomeNetOfTax": "-1547000000",
            "ebit": "-820000000",
            "ebitda": "-730000000",
            "netIncome": "-668000000"
        },
        {
            "fiscalDateEnding": "2022-06-30",
            "reportedCurrency": "USD",
            "grossProfit": "10513000000",
            "totalRevenue": "12220000000",
            "costOfRevenue": "1707000000",
            "costofGoodsAndServicesSold": "None",
            "operatingIncome": "8575000000",
            "sellingGeneralAndAdministrative": "259000000",
            "researchAndDevelopment": "None",
            "operatingExpenses": "1938000000",
            "investmentIncomeNet": "-56000000",
            "netInterestIncome": "-83000000",
            "interestIncome": "None",
            "interestExpense": "83000000",
            "nonInterestIncome": "-417000000",
            "otherNonOperatingIncome": "None",
            "depreciation": "None",
            "depreciationAndAmortization": "87000000",
            "incomeBeforeTax": "-1306000000",
            "incomeTaxExpense": "-291000000",
            "interestAndDebtExpense": "83000000",
            "netIncomeFromContinuingOperations": "-1015000000",
            "comprehensiveIncomeNetOfTax": "-2212000000",
            "ebit": "-1223000000",
            "ebitda": "-1136000000",
            "netIncome": "-1015000000"
        },
        {
            "fiscalDateEnding": "2022-03-31",
            "reportedCurrency": "USD",
            "grossProfit": "10626000000",
            "totalRevenue": "12337000000",
            "costOfRevenue": "1711000000",
            "costofGoodsAndServicesSold": "None",
            "operatingIncome": "8625000000",
            "sellingGeneralAndAdministrative": "247000000",
            "researchAndDevelopment": "None",
            "operatingExpenses": "2001000000",
            "investmentIncomeNet": "-51000000",
            "netInterestIncome": "-83000000",
            "interestIncome": "None",
            "interestExpense": "83000000",
            "nonInterestIncome": "-129000000",
            "otherNonOperatingIncome": "None",
            "depreciation": "None",
            "depreciationAndAmortization": "87000000",
            "incomeBeforeTax": "807000000",
            "incomeTaxExpense": "151000000",
            "interestAndDebtExpense": "83000000",
            "netIncomeFromContinuingOperations": "656000000",
            "comprehensiveIncomeNetOfTax": "-940000000",
            "ebit": "890000000",
            "ebitda": "977000000",
            "netIncome": "656000000"
        },
        {
            "fiscalDateEnding": "2021-12-31",
            "reportedCurrency": "USD",
            "grossProfit": "13011000000",
            "totalRevenue": "13011000000",
            "costOfRevenue": "2602000000",
            "costofGoodsAndServicesSold": "None",
            "operatingIncome": "13011000000",
            "sellingGeneralAndAdministrative": "240000000",
            "researchAndDevelopment": "None",
            "operatingExpenses": "2210000000",
            "investmentIncomeNet": "-56000000",
            "netInterestIncome": "-84000000",
            "interestIncome": "None",
            "interestExpense": "84000000",
            "nonInterestIncome": "43935000000",
            "otherNonOperatingIncome": "None",
            "depreciation": "None",
            "depreciationAndAmortization": "109000000",
            "incomeBeforeTax": "1098000000",
            "incomeTaxExpense": "281000000",
            "interestAndDebtExpense": "84000000",
            "netIncomeFromContinuingOperations": "1138000000",
            "comprehensiveIncomeNetOfTax": "-444000000",
            "ebit": "1182000000",
            "ebitda": "1291000000",
            "netIncome": "817000000"
        },
        {
            "fiscalDateEnding": "2021-09-30",
            "reportedCurrency": "USD",
            "grossProfit": "10758000000",
            "totalRevenue": "12480000000",
            "costOfRevenue": "1722000000",
            "costofGoodsAndServicesSold": "None",
            "operatingIncome": "8736000000",
            "sellingGeneralAndAdministrative": "40000000",
            "researchAndDevelopment": "None",
            "operatingExpenses": "2022000000",
            "investmentIncomeNet": "-37000000",
            "netInterestIncome": "-69000000",
            "interestIncome": "None",
            "interestExpense": "69000000",
            "nonInterestIncome": "37000000",
            "otherNonOperatingIncome": "None",
            "depreciation": "None",
            "depreciationAndAmortization": "109000000",
            "incomeBeforeTax": "558000000",
            "incomeTaxExpense": "20000000",
            "interestAndDebtExpense": "69000000",
            "netIncomeFromContinuingOperations": "213000000",
            "comprehensiveIncomeNetOfTax": "166000000",
            "ebit": "627000000",
            "ebitda": "736000000",
            "netIncome": "538000000"
        },
        {
            "fiscalDateEnding": "2021-06-30",
            "reportedCurrency": "USD",
            "grossProfit": "10917000000",
            "totalRevenue": "12646000000",
            "costOfRevenue": "1729000000",
            "costofGoodsAndServicesSold": "None",
            "operatingIncome": "9058000000",
            "sellingGeneralAndAdministrative": "134000000",
            "researchAndDevelopment": "None",
            "operatingExpenses": "1859000000",
            "investmentIncomeNet": "-41000000",
            "netInterestIncome": "-91000000",
            "interestIncome": "None",
            "interestExpense": "91000000",
            "nonInterestIncome": "160000000",
            "otherNonOperatingIncome": "None",
            "depreciation": "None",
            "depreciationAndAmortization": "105000000",
            "incomeBeforeTax": "1987000000",
            "incomeTaxExpense": "362000000",
            "interestAndDebtExpense": "91000000",
            "netIncomeFromContinuingOperations": "1429000000",
            "comprehensiveIncomeNetOfTax": "2093000000",
            "ebit": "2078000000",
            "ebitda": "2183000000",
            "netIncome": "1625000000"
        },
        {
            "fiscalDateEnding": "2021-03-31",
            "reportedCurrency": "USD",
            "grossProfit": "10815000000",
            "totalRevenue": "12451000000",
            "costOfRevenue": "1636000000",
            "costofGoodsAndServicesSold": "None",
            "operatingIncome": "8980000000",
            "sellingGeneralAndAdministrative": "1421000000",
            "researchAndDevelopment": "None",
            "operatingExpenses": "1835000000",
            "investmentIncomeNet": "-37000000",
            "netInterestIncome": "-86000000",
            "interestIncome": "None",
            "interestExpense": "86000000",
            "nonInterestIncome": "-3820000000",
            "otherNonOperatingIncome": "None",
            "depreciation": "None",
            "depreciationAndAmortization": "53000000",
            "incomeBeforeTax": "-755000000",
            "incomeTaxExpense": "626000000",
            "interestAndDebtExpense": "86000000",
            "netIncomeFromContinuingOperations": "2412000000",
            "comprehensiveIncomeNetOfTax": "-2862000000",
            "ebit": "-669000000",
            "ebitda": "-616000000",
            "netIncome": "-1381000000"
        },
        {
            "fiscalDateEnding": "2020-12-31",
            "reportedCurrency": "USD",
            "grossProfit": "12018000000",
            "totalRevenue": "10962000000",
            "costOfRevenue": "1752000000",
            "costofGoodsAndServicesSold": "None",
            "operatingIncome": "12018000000",
            "sellingGeneralAndAdministrative": "1131000000",
            "researchAndDevelopment": "None",
            "operatingExpenses": "1696000000",
            "investmentIncomeNet": "-59000000",
            "netInterestIncome": "-80000000",
            "interestIncome": "None",
            "interestExpense": "80000000",
            "nonInterestIncome": "39975000000",
            "otherNonOperatingIncome": "1000000",
            "depreciation": "None",
            "depreciationAndAmortization": "30000000",
            "incomeBeforeTax": "3218000000",
            "incomeTaxExpense": "594000000",
            "interestAndDebtExpense": "80000000",
            "netIncomeFromContinuingOperations": "2270000000",
            "comprehensiveIncomeNetOfTax": "3095000000",
            "ebit": "3298000000",
            "ebitda": "3328000000",
            "netIncome": "2624000000"
        },
        {
            "fiscalDateEnding": "2020-09-30",
            "reportedCurrency": "USD",
            "grossProfit": "9627000000",
            "totalRevenue": "10678000000",
            "costOfRevenue": "1873000000",
            "costofGoodsAndServicesSold": "None",
            "operatingIncome": "8016000000",
            "sellingGeneralAndAdministrative": "1309000000",
            "researchAndDevelopment": "None",
            "operatingExpenses": "1611000000",
            "investmentIncomeNet": "-48000000",
            "netInterestIncome": "-78000000",
            "interestIncome": "None",
            "interestExpense": "78000000",
            "nonInterestIncome": "197000000",
            "otherNonOperatingIncome": "1000000",
            "depreciation": "None",
            "depreciationAndAmortization": "31000000",
            "incomeBeforeTax": "1465000000",
            "incomeTaxExpense": "312000000",
            "interestAndDebtExpense": "78000000",
            "netIncomeFromContinuingOperations": "1216000000",
            "comprehensiveIncomeNetOfTax": "1358000000",
            "ebit": "1543000000",
            "ebitda": "1574000000",
            "netIncome": "1153000000"
        },
        {
            "fiscalDateEnding": "2020-06-30",
            "reportedCurrency": "USD",
            "grossProfit": "9605000000",
            "totalRevenue": "10403000000",
            "costOfRevenue": "1592000000",
            "costofGoodsAndServicesSold": "None",
            "operatingIncome": "8111000000",
            "sellingGeneralAndAdministrative": "1524000000",
            "researchAndDevelopment": "None",
            "operatingExpenses": "1494000000",
            "investmentIncomeNet": "-48000000",
            "netInterestIncome": "-79000000",
            "interestIncome": "None",
            "interestExpense": "79000000",
            "nonInterestIncome": "535000000",
            "otherNonOperatingIncome": "1000000",
            "depreciation": "None",
            "depreciationAndAmortization": "29000000",
            "incomeBeforeTax": "1523000000",
            "incomeTaxExpense": "273000000",
            "interestAndDebtExpense": "79000000",
            "netIncomeFromContinuingOperations": "1106000000",
            "comprehensiveIncomeNetOfTax": "3320000000",
            "ebit": "1602000000",
            "ebitda": "1631000000",
            "netIncome": "1250000000"
        },
        {
            "fiscalDateEnding": "2020-03-31",
            "reportedCurrency": "USD",
            "grossProfit": "8510000000",
            "totalRevenue": "9866000000",
            "costOfRevenue": "1566000000",
            "costofGoodsAndServicesSold": "None",
            "operatingIncome": "7078000000",
            "sellingGeneralAndAdministrative": "1717000000",
            "researchAndDevelopment": "None",
            "operatingExpenses": "1432000000",
            "investmentIncomeNet": "-58000000",
            "netInterestIncome": "-81000000",
            "interestIncome": "None",
            "interestExpense": "81000000",
            "nonInterestIncome": "-771000000",
            "otherNonOperatingIncome": "1000000",
            "depreciation": "None",
            "depreciationAndAmortization": "28000000",
            "incomeBeforeTax": "743000000",
            "incomeTaxExpense": "194000000",
            "interestAndDebtExpense": "81000000",
            "netIncomeFromContinuingOperations": "837000000",
            "comprehensiveIncomeNetOfTax": "-843000000",
            "ebit": "824000000",
            "ebitda": "852000000",
            "netIncome": "549000000"
        },
        {
            "fiscalDateEnding": "2019-12-31",
            "reportedCurrency": "USD",
            "grossProfit": "11472000000",
            "totalRevenue": "11472000000",
            "costOfRevenue": "1658000000",
            "costofGoodsAndServicesSold": "7802000000",
            "operatingIncome": "11472000000",
            "sellingGeneralAndAdministrative": "1265000000",
            "researchAndDevelopment": "None",
            "operatingExpenses": "1633000000",
            "investmentIncomeNet": "-68000000",
            "netInterestIncome": "-82000000",
            "interestIncome": "None",
            "interestExpense": "82000000",
            "nonInterestIncome": "39067000000",
            "otherNonOperatingIncome": "3000000",
            "depreciation": "None",
            "depreciationAndAmortization": "30000000",
            "incomeBeforeTax": "2105000000",
            "incomeTaxExpense": "332000000",
            "interestAndDebtExpense": "82000000",
            "netIncomeFromContinuingOperations": "-19901000000",
            "comprehensiveIncomeNetOfTax": "1616000000",
            "ebit": "2187000000",
            "ebitda": "2217000000",
            "netIncome": "1773000000"
        },
        {
            "fiscalDateEnding": "2019-09-30",
            "reportedCurrency": "USD",
            "grossProfit": "9388000000",
            "totalRevenue": "11069000000",
            "costOfRevenue": "1681000000",
            "costofGoodsAndServicesSold": "8158000000",
            "operatingIncome": "7887000000",
            "sellingGeneralAndAdministrative": "1639000000",
            "researchAndDevelopment": "None",
            "operatingExpenses": "1501000000",
            "investmentIncomeNet": "-68000000",
            "netInterestIncome": "-80000000",
            "interestIncome": "None",
            "interestExpense": "80000000",
            "nonInterestIncome": "64000000",
            "otherNonOperatingIncome": "None",
            "depreciation": "None",
            "depreciationAndAmortization": "32000000",
            "incomeBeforeTax": "1160000000",
            "incomeTaxExpense": "229000000",
            "interestAndDebtExpense": "80000000",
            "netIncomeFromContinuingOperations": "7787000000",
            "comprehensiveIncomeNetOfTax": "1278000000",
            "ebit": "1240000000",
            "ebitda": "1272000000",
            "netIncome": "931000000"
        },
        {
            "fiscalDateEnding": "2019-06-30",
            "reportedCurrency": "USD",
            "grossProfit": "9530000000",
            "totalRevenue": "11144000000",
            "costOfRevenue": "1614000000",
            "costofGoodsAndServicesSold": "8385000000",
            "operatingIncome": "8054000000",
            "sellingGeneralAndAdministrative": "1505000000",
            "researchAndDevelopment": "None",
            "operatingExpenses": "1476000000",
            "investmentIncomeNet": "-70000000",
            "netInterestIncome": "-82000000",
            "interestIncome": "None",
            "interestExpense": "82000000",
            "nonInterestIncome": "222000000",
            "otherNonOperatingIncome": "2000000",
            "depreciation": "None",
            "depreciationAndAmortization": "32000000",
            "incomeBeforeTax": "1078000000",
            "incomeTaxExpense": "227000000",
            "interestAndDebtExpense": "82000000",
            "netIncomeFromContinuingOperations": "8083000000",
            "comprehensiveIncomeNetOfTax": "1526000000",
            "ebit": "1160000000",
            "ebitda": "1192000000",
            "netIncome": "851000000"
        },
        {
            "fiscalDateEnding": "2019-03-31",
            "reportedCurrency": "USD",
            "grossProfit": "9414000000",
            "totalRevenue": "10990000000",
            "costOfRevenue": "1576000000",
            "costofGoodsAndServicesSold": "7843000000",
            "operatingIncome": "7984000000",
            "sellingGeneralAndAdministrative": "1395000000",
            "researchAndDevelopment": "None",
            "operatingExpenses": "1430000000",
            "investmentIncomeNet": "-71000000",
            "netInterestIncome": "-83000000",
            "interestIncome": "None",
            "interestExpense": "83000000",
            "nonInterestIncome": "581000000",
            "otherNonOperatingIncome": "1000000",
            "depreciation": "None",
            "depreciationAndAmortization": "32000000",
            "incomeBeforeTax": "1620000000",
            "incomeTaxExpense": "328000000",
            "interestAndDebtExpense": "83000000",
            "netIncomeFromContinuingOperations": "8248000000",
            "comprehensiveIncomeNetOfTax": "2259000000",
            "ebit": "1703000000",
            "ebitda": "1735000000",
            "netIncome": "1292000000"
        },
        {
            "fiscalDateEnding": "2018-12-31",
            "reportedCurrency": "USD",
            "grossProfit": "9481000000",
            "totalRevenue": "9481000000",
            "costOfRevenue": "1902000000",
            "costofGoodsAndServicesSold": "8070000000",
            "operatingIncome": "9481000000",
            "sellingGeneralAndAdministrative": "1573000000",
            "researchAndDevelopment": "None",
            "operatingExpenses": "1972000000",
            "investmentIncomeNet": "-73000000",
            "netInterestIncome": "-81000000",
            "interestIncome": "None",
            "interestExpense": "81000000",
            "nonInterestIncome": "35699000000",
            "otherNonOperatingIncome": "2000000",
            "depreciation": "None",
            "depreciationAndAmortization": "36000000",
            "incomeBeforeTax": "-710000000",
            "incomeTaxExpense": "-168000000",
            "interestAndDebtExpense": "81000000",
            "netIncomeFromContinuingOperations": "9481000000",
            "comprehensiveIncomeNetOfTax": "-568000000",
            "ebit": "-629000000",
            "ebitda": "-593000000",
            "netIncome": "-542000000"
        },
        {
            "fiscalDateEnding": "2018-09-30",
            "reportedCurrency": "USD",
            "grossProfit": "8969000000",
            "totalRevenue": "10465000000",
            "costOfRevenue": "1496000000",
            "costofGoodsAndServicesSold": "7795000000",
            "operatingIncome": "7419000000",
            "sellingGeneralAndAdministrative": "1534000000",
            "researchAndDevelopment": "None",
            "operatingExpenses": "1550000000",
            "investmentIncomeNet": "-70000000",
            "netInterestIncome": "-82000000",
            "interestIncome": "None",
            "interestExpense": "82000000",
            "nonInterestIncome": "203000000",
            "otherNonOperatingIncome": "1000000",
            "depreciation": "None",
            "depreciationAndAmortization": "24000000",
            "incomeBeforeTax": "1178000000",
            "incomeTaxExpense": "199000000",
            "interestAndDebtExpense": "82000000",
            "netIncomeFromContinuingOperations": "7357000000",
            "comprehensiveIncomeNetOfTax": "880000000",
            "ebit": "1260000000",
            "ebitda": "1284000000",
            "netIncome": "979000000"
        },
        {
            "fiscalDateEnding": "2018-06-30",
            "reportedCurrency": "USD",
            "grossProfit": "8611000000",
            "totalRevenue": "10099000000",
            "costOfRevenue": "1488000000",
            "costofGoodsAndServicesSold": "7736000000",
            "operatingIncome": "7177000000",
            "sellingGeneralAndAdministrative": "1407000000",
            "researchAndDevelopment": "None",
            "operatingExpenses": "1434000000",
            "investmentIncomeNet": "-66000000",
            "netInterestIncome": "-86000000",
            "interestIncome": "None",
            "interestExpense": "86000000",
            "nonInterestIncome": "54000000",
            "otherNonOperatingIncome": "2000000",
            "depreciation": "None",
            "depreciationAndAmortization": "23000000",
            "incomeBeforeTax": "897000000",
            "incomeTaxExpense": "180000000",
            "interestAndDebtExpense": "86000000",
            "netIncomeFromContinuingOperations": "6919000000",
            "comprehensiveIncomeNetOfTax": "562000000",
            "ebit": "983000000",
            "ebitda": "1006000000",
            "netIncome": "717000000"
        },
        {
            "fiscalDateEnding": "2018-03-31",
            "reportedCurrency": "USD",
            "grossProfit": "8314000000",
            "totalRevenue": "9770000000",
            "costOfRevenue": "1456000000",
            "costofGoodsAndServicesSold": "7087000000",
            "operatingIncome": "6937000000",
            "sellingGeneralAndAdministrative": "1355000000",
            "researchAndDevelopment": "None",
            "operatingExpenses": "1377000000",
            "investmentIncomeNet": "-65000000",
            "netInterestIncome": "-83000000",
            "interestIncome": "None",
            "interestExpense": "83000000",
            "nonInterestIncome": "8236000000",
            "otherNonOperatingIncome": "1000000",
            "depreciation": "None",
            "depreciationAndAmortization": "22000000",
            "incomeBeforeTax": "1263000000",
            "incomeTaxExpense": "257000000",
            "interestAndDebtExpense": "83000000",
            "netIncomeFromContinuingOperations": "6623000000",
            "comprehensiveIncomeNetOfTax": "425000000",
            "ebit": "1346000000",
            "ebitda": "1368000000",
            "netIncome": "1006000000"
        }
    ]
}