{
    "symbol": "ALLE",
    "annualReports": [
        {
            "fiscalDateEnding": "2022-12-31",
            "reportedCurrency": "USD",
            "grossProfit": "457600000",
            "totalRevenue": "3186000000",
            "costOfRevenue": "2728400000",
            "costofGoodsAndServicesSold": "1949500000",
            "operatingIncome": "586400000",
            "sellingGeneralAndAdministrative": "736000000",
            "researchAndDevelopment": "74500000",
            "operatingExpenses": "870400000",
            "investmentIncomeNet": "1300000",
            "netInterestIncome": "-75900000",
            "interestIncome": "1300000",
            "interestExpense": "75900000",
            "nonInterestIncome": "3261900000",
            "otherNonOperatingIncome": "11600000",
            "depreciation": "45700000",
            "depreciationAndAmortization": "49400000",
            "incomeBeforeTax": "514200000",
            "incomeTaxExpense": "56200000",
            "interestAndDebtExpense": "75900000",
            "netIncomeFromContinuingOperations": "458300000",
            "comprehensiveIncomeNetOfTax": "366600000",
            "ebit": "590100000",
            "ebitda": "639500000",
            "netIncome": "458000000"
        },
        {
            "fiscalDateEnding": "2021-12-31",
            "reportedCurrency": "USD",
            "grossProfit": "455400000",
            "totalRevenue": "2820400000",
            "costOfRevenue": "2365000000",
            "costofGoodsAndServicesSold": "1662500000",
            "operatingIncome": "530200000",
            "sellingGeneralAndAdministrative": "674700000",
            "researchAndDevelopment": "73300000",
            "operatingExpenses": "782900000",
            "investmentIncomeNet": "400000",
            "netInterestIncome": "-50200000",
            "interestIncome": "400000",
            "interestExpense": "50200000",
            "nonInterestIncome": "2870600000",
            "otherNonOperatingIncome": "44000000",
            "depreciation": "45200000",
            "depreciationAndAmortization": "34000000",
            "incomeBeforeTax": "523700000",
            "incomeTaxExpense": "40700000",
            "interestAndDebtExpense": "50700000",
            "netIncomeFromContinuingOperations": "483300000",
            "comprehensiveIncomeNetOfTax": "445700000",
            "ebit": "573900000",
            "ebitda": "607900000",
            "netIncome": "483000000"
        },
        {
            "fiscalDateEnding": "2020-12-31",
            "reportedCurrency": "USD",
            "grossProfit": "315300000",
            "totalRevenue": "2668100000",
            "costOfRevenue": "2352800000",
            "costofGoodsAndServicesSold": "1541100000",
            "operatingIncome": "403500000",
            "sellingGeneralAndAdministrative": "635700000",
            "researchAndDevelopment": "54400000",
            "operatingExpenses": "868300000",
            "investmentIncomeNet": "900000",
            "netInterestIncome": "-51100000",
            "interestIncome": "900000",
            "interestExpense": "51100000",
            "nonInterestIncome": "2719200000",
            "otherNonOperatingIncome": "13000000",
            "depreciation": "46500000",
            "depreciationAndAmortization": "31500000",
            "incomeBeforeTax": "365200000",
            "incomeTaxExpense": "50900000",
            "interestAndDebtExpense": "51100000",
            "netIncomeFromContinuingOperations": "314500000",
            "comprehensiveIncomeNetOfTax": "375800000",
            "ebit": "416300000",
            "ebitda": "447800000",
            "netIncome": "314300000"
        },
        {
            "fiscalDateEnding": "2019-12-31",
            "reportedCurrency": "USD",
            "grossProfit": "435700000",
            "totalRevenue": "2763400000",
            "costOfRevenue": "2327700000",
            "costofGoodsAndServicesSold": "1601700000",
            "operatingIncome": "565100000",
            "sellingGeneralAndAdministrative": "681300000",
            "researchAndDevelopment": "54700000",
            "operatingExpenses": "810800000",
            "investmentIncomeNet": "1800000",
            "netInterestIncome": "-56000000",
            "interestIncome": "1800000",
            "interestExpense": "56000000",
            "nonInterestIncome": "2819400000",
            "otherNonOperatingIncome": "-3800000",
            "depreciation": "47100000",
            "depreciationAndAmortization": "31200000",
            "incomeBeforeTax": "474900000",
            "incomeTaxExpense": "73100000",
            "interestAndDebtExpense": "58700000",
            "netIncomeFromContinuingOperations": "402100000",
            "comprehensiveIncomeNetOfTax": "406700000",
            "ebit": "530900000",
            "ebitda": "562100000",
            "netIncome": "401800000"
        },
        {
            "fiscalDateEnding": "2018-12-31",
            "reportedCurrency": "USD",
            "grossProfit": "433800000",
            "totalRevenue": "2678400000",
            "costOfRevenue": "2244600000",
            "costofGoodsAndServicesSold": "1558400000",
            "operatingIncome": "525800000",
            "sellingGeneralAndAdministrative": "647500000",
            "researchAndDevelopment": "54400000",
            "operatingExpenses": "740200000",
            "investmentIncomeNet": "800000",
            "netInterestIncome": "-54000000",
            "interestIncome": "800000",
            "interestExpense": "54000000",
            "nonInterestIncome": "700000",
            "otherNonOperatingIncome": "3400000",
            "depreciation": "46200000",
            "depreciationAndAmortization": "36300000",
            "incomeBeforeTax": "474700000",
            "incomeTaxExpense": "39800000",
            "interestAndDebtExpense": "54000000",
            "netIncomeFromContinuingOperations": "435400000",
            "comprehensiveIncomeNetOfTax": "374000000",
            "ebit": "528700000",
            "ebitda": "565000000",
            "netIncome": "434900000"
        }
    ],
    "quarterlyReports": [
        {
            "fiscalDateEnding": "2022-12-31",
            "reportedCurrency": "USD",
            "grossProfit": "62100000",
            "totalRevenue": "775600000",
            "costOfRevenue": "713500000",
            "costofGoodsAndServicesSold": "510800000",
            "operatingIncome": "159400000",
            "sellingGeneralAndAdministrative": "191300000",
            "researchAndDevelopment": "None",
            "operatingExpenses": "279500000",
            "investmentIncomeNet": "700000",
            "netInterestIncome": "-23700000",
            "interestIncome": "700000",
            "interestExpense": "23700000",
            "nonInterestIncome": "861000000",
            "otherNonOperatingIncome": "4500000",
            "depreciation": "None",
            "depreciationAndAmortization": "16800000",
            "incomeBeforeTax": "140100000",
            "incomeTaxExpense": "4800000",
            "interestAndDebtExpense": "23700000",
            "netIncomeFromContinuingOperations": "135400000",
            "comprehensiveIncomeNetOfTax": "182000000",
            "ebit": "163800000",
            "ebitda": "180600000",
            "netIncome": "135300000"
        },
        {
            "fiscalDateEnding": "2022-09-30",
            "reportedCurrency": "USD",
            "grossProfit": "165000000",
            "totalRevenue": "913700000",
            "costOfRevenue": "748700000",
            "costofGoodsAndServicesSold": "545700000",
            "operatingIncome": "162900000",
            "sellingGeneralAndAdministrative": "205100000",
            "researchAndDevelopment": "None",
            "operatingExpenses": "212700000",
            "investmentIncomeNet": "400000",
            "netInterestIncome": "-23100000",
            "interestIncome": "400000",
            "interestExpense": "23100000",
            "nonInterestIncome": "906100000",
            "otherNonOperatingIncome": "1500000",
            "depreciation": "None",
            "depreciationAndAmortization": "16500000",
            "incomeBeforeTax": "133700000",
            "incomeTaxExpense": "19100000",
            "interestAndDebtExpense": "23100000",
            "netIncomeFromContinuingOperations": "114600000",
            "comprehensiveIncomeNetOfTax": "46700000",
            "ebit": "156800000",
            "ebitda": "173300000",
            "netIncome": "114600000"
        },
        {
            "fiscalDateEnding": "2022-06-30",
            "reportedCurrency": "USD",
            "grossProfit": "149500000",
            "totalRevenue": "773100000",
            "costOfRevenue": "623600000",
            "costofGoodsAndServicesSold": "458100000",
            "operatingIncome": "147100000",
            "sellingGeneralAndAdministrative": "167900000",
            "researchAndDevelopment": "None",
            "operatingExpenses": "167900000",
            "investmentIncomeNet": "100000",
            "netInterestIncome": "-17200000",
            "interestIncome": "100000",
            "interestExpense": "17200000",
            "nonInterestIncome": "772200000",
            "otherNonOperatingIncome": "3400000",
            "depreciation": "None",
            "depreciationAndAmortization": "7900000",
            "incomeBeforeTax": "133200000",
            "incomeTaxExpense": "18100000",
            "interestAndDebtExpense": "17200000",
            "netIncomeFromContinuingOperations": "115200000",
            "comprehensiveIncomeNetOfTax": "65900000",
            "ebit": "150400000",
            "ebitda": "158300000",
            "netIncome": "115100000"
        },
        {
            "fiscalDateEnding": "2022-03-31",
            "reportedCurrency": "USD",
            "grossProfit": "111200000",
            "totalRevenue": "723600000",
            "costOfRevenue": "612400000",
            "costofGoodsAndServicesSold": "434900000",
            "operatingIncome": "117000000",
            "sellingGeneralAndAdministrative": "171700000",
            "researchAndDevelopment": "None",
            "operatingExpenses": "180100000",
            "investmentIncomeNet": "100000",
            "netInterestIncome": "-11900000",
            "interestIncome": "100000",
            "interestExpense": "11900000",
            "nonInterestIncome": "722600000",
            "otherNonOperatingIncome": "2200000",
            "depreciation": "None",
            "depreciationAndAmortization": "8200000",
            "incomeBeforeTax": "107200000",
            "incomeTaxExpense": "14200000",
            "interestAndDebtExpense": "11900000",
            "netIncomeFromContinuingOperations": "93100000",
            "comprehensiveIncomeNetOfTax": "72000000",
            "ebit": "119100000",
            "ebitda": "127300000",
            "netIncome": "93000000"
        },
        {
            "fiscalDateEnding": "2021-12-31",
            "reportedCurrency": "USD",
            "grossProfit": "63700000",
            "totalRevenue": "662200000",
            "costOfRevenue": "598500000",
            "costofGoodsAndServicesSold": "422700000",
            "operatingIncome": "115100000",
            "sellingGeneralAndAdministrative": "171400000",
            "researchAndDevelopment": "None",
            "operatingExpenses": "250200000",
            "investmentIncomeNet": "0",
            "netInterestIncome": "-13200000",
            "interestIncome": "None",
            "interestExpense": "13200000",
            "nonInterestIncome": "708000000",
            "otherNonOperatingIncome": "22600000",
            "depreciation": "None",
            "depreciationAndAmortization": "8800000",
            "incomeBeforeTax": "124600000",
            "incomeTaxExpense": "11800000",
            "interestAndDebtExpense": "13700000",
            "netIncomeFromContinuingOperations": "112700000",
            "comprehensiveIncomeNetOfTax": "119400000",
            "ebit": "137800000",
            "ebitda": "146600000",
            "netIncome": "112800000"
        },
        {
            "fiscalDateEnding": "2021-09-30",
            "reportedCurrency": "USD",
            "grossProfit": "140500000",
            "totalRevenue": "717000000",
            "costOfRevenue": "576500000",
            "costofGoodsAndServicesSold": "416500000",
            "operatingIncome": "138400000",
            "sellingGeneralAndAdministrative": "162100000",
            "researchAndDevelopment": "None",
            "operatingExpenses": "162100000",
            "investmentIncomeNet": "300000",
            "netInterestIncome": "-12300000",
            "interestIncome": "300000",
            "interestExpense": "12300000",
            "nonInterestIncome": "722600000",
            "otherNonOperatingIncome": "14700000",
            "depreciation": "None",
            "depreciationAndAmortization": "9300000",
            "incomeBeforeTax": "140700000",
            "incomeTaxExpense": "-2800000",
            "interestAndDebtExpense": "12300000",
            "netIncomeFromContinuingOperations": "143600000",
            "comprehensiveIncomeNetOfTax": "121200000",
            "ebit": "153000000",
            "ebitda": "162300000",
            "netIncome": "143500000"
        },
        {
            "fiscalDateEnding": "2021-06-30",
            "reportedCurrency": "USD",
            "grossProfit": "147400000",
            "totalRevenue": "746900000",
            "costOfRevenue": "599500000",
            "costofGoodsAndServicesSold": "426400000",
            "operatingIncome": "145400000",
            "sellingGeneralAndAdministrative": "175100000",
            "researchAndDevelopment": "None",
            "operatingExpenses": "175100000",
            "investmentIncomeNet": "100000",
            "netInterestIncome": "-12400000",
            "interestIncome": "100000",
            "interestExpense": "12400000",
            "nonInterestIncome": "746100000",
            "otherNonOperatingIncome": "3200000",
            "depreciation": "None",
            "depreciationAndAmortization": "7800000",
            "incomeBeforeTax": "136100000",
            "incomeTaxExpense": "17400000",
            "interestAndDebtExpense": "12400000",
            "netIncomeFromContinuingOperations": "118800000",
            "comprehensiveIncomeNetOfTax": "129100000",
            "ebit": "148500000",
            "ebitda": "156300000",
            "netIncome": "118700000"
        },
        {
            "fiscalDateEnding": "2021-03-31",
            "reportedCurrency": "USD",
            "grossProfit": "122400000",
            "totalRevenue": "694300000",
            "costOfRevenue": "571900000",
            "costofGoodsAndServicesSold": "396900000",
            "operatingIncome": "131300000",
            "sellingGeneralAndAdministrative": "166100000",
            "researchAndDevelopment": "None",
            "operatingExpenses": "176900000",
            "investmentIncomeNet": "0",
            "netInterestIncome": "-12300000",
            "interestIncome": "None",
            "interestExpense": "12300000",
            "nonInterestIncome": "693900000",
            "otherNonOperatingIncome": "3500000",
            "depreciation": "None",
            "depreciationAndAmortization": "8100000",
            "incomeBeforeTax": "122300000",
            "incomeTaxExpense": "14300000",
            "interestAndDebtExpense": "12300000",
            "netIncomeFromContinuingOperations": "108200000",
            "comprehensiveIncomeNetOfTax": "76000000",
            "ebit": "134600000",
            "ebitda": "142700000",
            "netIncome": "108000000"
        },
        {
            "fiscalDateEnding": "2020-12-31",
            "reportedCurrency": "USD",
            "grossProfit": "-37900000",
            "totalRevenue": "675500000",
            "costOfRevenue": "37900000",
            "costofGoodsAndServicesSold": "407400000",
            "operatingIncome": "117700000",
            "sellingGeneralAndAdministrative": "161500000",
            "researchAndDevelopment": "None",
            "operatingExpenses": "37900000",
            "investmentIncomeNet": "100000",
            "netInterestIncome": "-12300000",
            "interestIncome": "100000",
            "interestExpense": "12300000",
            "nonInterestIncome": "727600000",
            "otherNonOperatingIncome": "400000",
            "depreciation": "None",
            "depreciationAndAmortization": "8300000",
            "incomeBeforeTax": "105700000",
            "incomeTaxExpense": "12400000",
            "interestAndDebtExpense": "12300000",
            "netIncomeFromContinuingOperations": "-75800000",
            "comprehensiveIncomeNetOfTax": "143000000",
            "ebit": "118000000",
            "ebitda": "126300000",
            "netIncome": "93300000"
        },
        {
            "fiscalDateEnding": "2020-09-30",
            "reportedCurrency": "USD",
            "grossProfit": "160400000",
            "totalRevenue": "728400000",
            "costOfRevenue": "568000000",
            "costofGoodsAndServicesSold": "409200000",
            "operatingIncome": "160400000",
            "sellingGeneralAndAdministrative": "156200000",
            "researchAndDevelopment": "None",
            "operatingExpenses": "159800000",
            "investmentIncomeNet": "200000",
            "netInterestIncome": "-12900000",
            "interestIncome": "200000",
            "interestExpense": "12900000",
            "nonInterestIncome": "728200000",
            "otherNonOperatingIncome": "12200000",
            "depreciation": "None",
            "depreciationAndAmortization": "8000000",
            "incomeBeforeTax": "159700000",
            "incomeTaxExpense": "12800000",
            "interestAndDebtExpense": "12900000",
            "netIncomeFromContinuingOperations": "146900000",
            "comprehensiveIncomeNetOfTax": "171100000",
            "ebit": "172600000",
            "ebitda": "180600000",
            "netIncome": "146900000"
        },
        {
            "fiscalDateEnding": "2020-06-30",
            "reportedCurrency": "USD",
            "grossProfit": "96700000",
            "totalRevenue": "589500000",
            "costOfRevenue": "492800000",
            "costofGoodsAndServicesSold": "342900000",
            "operatingIncome": "96500000",
            "sellingGeneralAndAdministrative": "150100000",
            "researchAndDevelopment": "None",
            "operatingExpenses": "150400000",
            "investmentIncomeNet": "100000",
            "netInterestIncome": "-13000000",
            "interestIncome": "100000",
            "interestExpense": "13000000",
            "nonInterestIncome": "589600000",
            "otherNonOperatingIncome": "4400000",
            "depreciation": "None",
            "depreciationAndAmortization": "7500000",
            "incomeBeforeTax": "87900000",
            "incomeTaxExpense": "14200000",
            "interestAndDebtExpense": "13000000",
            "netIncomeFromContinuingOperations": "73700000",
            "comprehensiveIncomeNetOfTax": "94100000",
            "ebit": "100900000",
            "ebitda": "108400000",
            "netIncome": "73700000"
        },
        {
            "fiscalDateEnding": "2020-03-31",
            "reportedCurrency": "USD",
            "grossProfit": "18600000",
            "totalRevenue": "674700000",
            "costOfRevenue": "656100000",
            "costofGoodsAndServicesSold": "381600000",
            "operatingIncome": "28900000",
            "sellingGeneralAndAdministrative": "167900000",
            "researchAndDevelopment": "None",
            "operatingExpenses": "274500000",
            "investmentIncomeNet": "500000",
            "netInterestIncome": "-12900000",
            "interestIncome": "500000",
            "interestExpense": "12900000",
            "nonInterestIncome": "673800000",
            "otherNonOperatingIncome": "-4000000",
            "depreciation": "None",
            "depreciationAndAmortization": "7700000",
            "incomeBeforeTax": "11900000",
            "incomeTaxExpense": "11500000",
            "interestAndDebtExpense": "12900000",
            "netIncomeFromContinuingOperations": "500000",
            "comprehensiveIncomeNetOfTax": "-32400000",
            "ebit": "24800000",
            "ebitda": "32500000",
            "netIncome": "400000"
        },
        {
            "fiscalDateEnding": "2019-12-31",
            "reportedCurrency": "USD",
            "grossProfit": "40700000",
            "totalRevenue": "628900000",
            "costOfRevenue": "588200000",
            "costofGoodsAndServicesSold": "400300000",
            "operatingIncome": "143300000",
            "sellingGeneralAndAdministrative": "170000000",
            "researchAndDevelopment": "None",
            "operatingExpenses": "272700000",
            "investmentIncomeNet": "700000",
            "netInterestIncome": "-13300000",
            "interestIncome": "700000",
            "interestExpense": "13300000",
            "nonInterestIncome": "688700000",
            "otherNonOperatingIncome": "-2200000",
            "depreciation": "None",
            "depreciationAndAmortization": "7900000",
            "incomeBeforeTax": "97700000",
            "incomeTaxExpense": "17000000",
            "interestAndDebtExpense": "13300000",
            "netIncomeFromContinuingOperations": "80700000",
            "comprehensiveIncomeNetOfTax": "135100000",
            "ebit": "111000000",
            "ebitda": "118900000",
            "netIncome": "80700000"
        },
        {
            "fiscalDateEnding": "2019-09-30",
            "reportedCurrency": "USD",
            "grossProfit": "167400000",
            "totalRevenue": "748300000",
            "costOfRevenue": "580900000",
            "costofGoodsAndServicesSold": "412800000",
            "operatingIncome": "168100000",
            "sellingGeneralAndAdministrative": "167400000",
            "researchAndDevelopment": "None",
            "operatingExpenses": "168100000",
            "investmentIncomeNet": "400000",
            "netInterestIncome": "-15600000",
            "interestIncome": "400000",
            "interestExpense": "15600000",
            "nonInterestIncome": "747500000",
            "otherNonOperatingIncome": "-2000000",
            "depreciation": "None",
            "depreciationAndAmortization": "7600000",
            "incomeBeforeTax": "150400000",
            "incomeTaxExpense": "18800000",
            "interestAndDebtExpense": "15600000",
            "netIncomeFromContinuingOperations": "131700000",
            "comprehensiveIncomeNetOfTax": "91700000",
            "ebit": "166000000",
            "ebitda": "173600000",
            "netIncome": "131600000"
        },
        {
            "fiscalDateEnding": "2019-06-30",
            "reportedCurrency": "USD",
            "grossProfit": "144300000",
            "totalRevenue": "731200000",
            "costOfRevenue": "586900000",
            "costofGoodsAndServicesSold": "410500000",
            "operatingIncome": "145700000",
            "sellingGeneralAndAdministrative": "175000000",
            "researchAndDevelopment": "None",
            "operatingExpenses": "176400000",
            "investmentIncomeNet": "400000",
            "netInterestIncome": "-13400000",
            "interestIncome": "400000",
            "interestExpense": "13400000",
            "nonInterestIncome": "730700000",
            "otherNonOperatingIncome": "-700000",
            "depreciation": "None",
            "depreciationAndAmortization": "7800000",
            "incomeBeforeTax": "131500000",
            "incomeTaxExpense": "22200000",
            "interestAndDebtExpense": "13400000",
            "netIncomeFromContinuingOperations": "109400000",
            "comprehensiveIncomeNetOfTax": "115000000",
            "ebit": "144900000",
            "ebitda": "152700000",
            "netIncome": "109300000"
        },
        {
            "fiscalDateEnding": "2019-03-31",
            "reportedCurrency": "USD",
            "grossProfit": "98700000",
            "totalRevenue": "655000000",
            "costOfRevenue": "556300000",
            "costofGoodsAndServicesSold": "378100000",
            "operatingIncome": "108000000",
            "sellingGeneralAndAdministrative": "168900000",
            "researchAndDevelopment": "None",
            "operatingExpenses": "178200000",
            "investmentIncomeNet": "300000",
            "netInterestIncome": "-13700000",
            "interestIncome": "300000",
            "interestExpense": "13700000",
            "nonInterestIncome": "200000",
            "otherNonOperatingIncome": "1100000",
            "depreciation": "None",
            "depreciationAndAmortization": "7900000",
            "incomeBeforeTax": "95300000",
            "incomeTaxExpense": "15100000",
            "interestAndDebtExpense": "13700000",
            "netIncomeFromContinuingOperations": "80300000",
            "comprehensiveIncomeNetOfTax": "64900000",
            "ebit": "109000000",
            "ebitda": "116900000",
            "netIncome": "80200000"
        },
        {
            "fiscalDateEnding": "2018-12-31",
            "reportedCurrency": "USD",
            "grossProfit": "127600000",
            "totalRevenue": "649100000",
            "costOfRevenue": "560800000",
            "costofGoodsAndServicesSold": "401900000",
            "operatingIncome": "141400000",
            "sellingGeneralAndAdministrative": "159100000",
            "researchAndDevelopment": "54400000",
            "operatingExpenses": "212900000",
            "investmentIncomeNet": "100000",
            "netInterestIncome": "-13700000",
            "interestIncome": "None",
            "interestExpense": "13700000",
            "nonInterestIncome": "-300000",
            "otherNonOperatingIncome": "-500000",
            "depreciation": "None",
            "depreciationAndAmortization": "7700000",
            "incomeBeforeTax": "127100000",
            "incomeTaxExpense": "-5700000",
            "interestAndDebtExpense": "13700000",
            "netIncomeFromContinuingOperations": "132900000",
            "comprehensiveIncomeNetOfTax": "107100000",
            "ebit": "140800000",
            "ebitda": "148500000",
            "netIncome": "132800000"
        },
        {
            "fiscalDateEnding": "2018-09-30",
            "reportedCurrency": "USD",
            "grossProfit": "124600000",
            "totalRevenue": "711500000",
            "costOfRevenue": "573700000",
            "costofGoodsAndServicesSold": "402100000",
            "operatingIncome": "142300000",
            "sellingGeneralAndAdministrative": "167100000",
            "researchAndDevelopment": "None",
            "operatingExpenses": "171600000",
            "investmentIncomeNet": "400000",
            "netInterestIncome": "-14000000",
            "interestIncome": "None",
            "interestExpense": "14000000",
            "nonInterestIncome": "800000",
            "otherNonOperatingIncome": "1900000",
            "depreciation": "None",
            "depreciationAndAmortization": "7800000",
            "incomeBeforeTax": "130100000",
            "incomeTaxExpense": "14100000",
            "interestAndDebtExpense": "14000000",
            "netIncomeFromContinuingOperations": "116100000",
            "comprehensiveIncomeNetOfTax": "103900000",
            "ebit": "144100000",
            "ebitda": "151900000",
            "netIncome": "116000000"
        },
        {
            "fiscalDateEnding": "2018-06-30",
            "reportedCurrency": "USD",
            "grossProfit": "127400000",
            "totalRevenue": "704700000",
            "costOfRevenue": "564500000",
            "costofGoodsAndServicesSold": "399100000",
            "operatingIncome": "143400000",
            "sellingGeneralAndAdministrative": "162200000",
            "researchAndDevelopment": "None",
            "operatingExpenses": "165400000",
            "investmentIncomeNet": "100000",
            "netInterestIncome": "-13400000",
            "interestIncome": "None",
            "interestExpense": "13400000",
            "nonInterestIncome": "600000",
            "otherNonOperatingIncome": "1600000",
            "depreciation": "None",
            "depreciationAndAmortization": "10700000",
            "incomeBeforeTax": "131500000",
            "incomeTaxExpense": "17600000",
            "interestAndDebtExpense": "13400000",
            "netIncomeFromContinuingOperations": "114000000",
            "comprehensiveIncomeNetOfTax": "64700000",
            "ebit": "144900000",
            "ebitda": "155600000",
            "netIncome": "113900000"
        },
        {
            "fiscalDateEnding": "2018-03-31",
            "reportedCurrency": "USD",
            "grossProfit": "72600000",
            "totalRevenue": "613100000",
            "costOfRevenue": "527200000",
            "costofGoodsAndServicesSold": "355300000",
            "operatingIncome": "98700000",
            "sellingGeneralAndAdministrative": "159100000",
            "researchAndDevelopment": "None",
            "operatingExpenses": "171900000",
            "investmentIncomeNet": "200000",
            "netInterestIncome": "-12900000",
            "interestIncome": "None",
            "interestExpense": "12900000",
            "nonInterestIncome": "-400000",
            "otherNonOperatingIncome": "400000",
            "depreciation": "None",
            "depreciationAndAmortization": "10100000",
            "incomeBeforeTax": "86000000",
            "incomeTaxExpense": "13800000",
            "interestAndDebtExpense": "12900000",
            "netIncomeFromContinuingOperations": "72400000",
            "comprehensiveIncomeNetOfTax": "98300000",
            "ebit": "98900000",
            "ebitda": "109000000",
            "netIncome": "72200000"
        }
    ]
}