{
    "symbol": "AOS",
    "annualReports": [
        {
            "fiscalDateEnding": "2022-12-31",
            "reportedCurrency": "USD",
            "grossProfit": "1329600000",
            "totalRevenue": "3744500000",
            "costOfRevenue": "3108000000",
            "costofGoodsAndServicesSold": "2424300000",
            "operatingIncome": "362000000",
            "sellingGeneralAndAdministrative": "670900000",
            "researchAndDevelopment": "89000000",
            "operatingExpenses": "772700000",
            "investmentIncomeNet": "None",
            "netInterestIncome": "-9400000",
            "interestIncome": "None",
            "interestExpense": "9400000",
            "nonInterestIncome": "3753900000",
            "otherNonOperatingIncome": "-425600000",
            "depreciation": "None",
            "depreciationAndAmortization": "12800000",
            "incomeBeforeTax": "223700000",
            "incomeTaxExpense": "-12000000",
            "interestAndDebtExpense": "9400000",
            "netIncomeFromContinuingOperations": "235700000",
            "comprehensiveIncomeNetOfTax": "484700000",
            "ebit": "233100000",
            "ebitda": "245900000",
            "netIncome": "235700000"
        },
        {
            "fiscalDateEnding": "2021-12-31",
            "reportedCurrency": "USD",
            "grossProfit": "1310900000",
            "totalRevenue": "3534600000",
            "costOfRevenue": "2941700000",
            "costofGoodsAndServicesSold": "2228000000",
            "operatingIncome": "682000000",
            "sellingGeneralAndAdministrative": "701400000",
            "researchAndDevelopment": "94200000",
            "operatingExpenses": "807900000",
            "investmentIncomeNet": "None",
            "netInterestIncome": "-4300000",
            "interestIncome": "None",
            "interestExpense": "4300000",
            "nonInterestIncome": "3538900000",
            "otherNonOperatingIncome": "20400000",
            "depreciation": "None",
            "depreciationAndAmortization": "12300000",
            "incomeBeforeTax": "625600000",
            "incomeTaxExpense": "138500000",
            "interestAndDebtExpense": "4300000",
            "netIncomeFromContinuingOperations": "487100000",
            "comprehensiveIncomeNetOfTax": "476900000",
            "ebit": "629900000",
            "ebitda": "642200000",
            "netIncome": "487100000"
        },
        {
            "fiscalDateEnding": "2020-12-31",
            "reportedCurrency": "USD",
            "grossProfit": "1108200000",
            "totalRevenue": "2888000000",
            "costOfRevenue": "2469600000",
            "costofGoodsAndServicesSold": "1787100000",
            "operatingIncome": "503200000",
            "sellingGeneralAndAdministrative": "660300000",
            "researchAndDevelopment": "80700000",
            "operatingExpenses": "763200000",
            "investmentIncomeNet": "None",
            "netInterestIncome": "-7300000",
            "interestIncome": "None",
            "interestExpense": "7300000",
            "nonInterestIncome": "2895300000",
            "otherNonOperatingIncome": "11000000",
            "depreciation": "None",
            "depreciationAndAmortization": "14500000",
            "incomeBeforeTax": "443900000",
            "incomeTaxExpense": "99000000",
            "interestAndDebtExpense": "7300000",
            "netIncomeFromContinuingOperations": "344900000",
            "comprehensiveIncomeNetOfTax": "372000000",
            "ebit": "451200000",
            "ebitda": "465700000",
            "netIncome": "344900000"
        },
        {
            "fiscalDateEnding": "2019-12-31",
            "reportedCurrency": "USD",
            "grossProfit": "1180700000",
            "totalRevenue": "2981700000",
            "costOfRevenue": "2543400000",
            "costofGoodsAndServicesSold": "1812000000",
            "operatingIncome": "529100000",
            "sellingGeneralAndAdministrative": "715600000",
            "researchAndDevelopment": "87900000",
            "operatingExpenses": "819300000",
            "investmentIncomeNet": "None",
            "netInterestIncome": "-11000000",
            "interestIncome": "None",
            "interestExpense": "11000000",
            "nonInterestIncome": "2992700000",
            "otherNonOperatingIncome": "18000000",
            "depreciation": "None",
            "depreciationAndAmortization": "15800000",
            "incomeBeforeTax": "472100000",
            "incomeTaxExpense": "102100000",
            "interestAndDebtExpense": "11000000",
            "netIncomeFromContinuingOperations": "370000000",
            "comprehensiveIncomeNetOfTax": "372500000",
            "ebit": "483100000",
            "ebitda": "498900000",
            "netIncome": "370000000"
        },
        {
            "fiscalDateEnding": "2018-12-31",
            "reportedCurrency": "USD",
            "grossProfit": "1305500000",
            "totalRevenue": "3179500000",
            "costOfRevenue": "2657200000",
            "costofGoodsAndServicesSold": "1882400000",
            "operatingIncome": "613400000",
            "sellingGeneralAndAdministrative": "753800000",
            "researchAndDevelopment": "94000000",
            "operatingExpenses": "868800000",
            "investmentIncomeNet": "None",
            "netInterestIncome": "-8400000",
            "interestIncome": "None",
            "interestExpense": "8400000",
            "nonInterestIncome": "3187900000",
            "otherNonOperatingIncome": "21200000",
            "depreciation": "None",
            "depreciationAndAmortization": "14300000",
            "incomeBeforeTax": "557800000",
            "incomeTaxExpense": "113600000",
            "interestAndDebtExpense": "8400000",
            "netIncomeFromContinuingOperations": "444200000",
            "comprehensiveIncomeNetOfTax": "392900000",
            "ebit": "566200000",
            "ebitda": "580500000",
            "netIncome": "444200000"
        }
    ],
    "quarterlyReports": [
        {
            "fiscalDateEnding": "2022-12-31",
            "reportedCurrency": "USD",
            "grossProfit": "348600000",
            "totalRevenue": "932700000",
            "costOfRevenue": "769200000",
            "costofGoodsAndServicesSold": "587500000",
            "operatingIncome": "-156100000",
            "sellingGeneralAndAdministrative": "168900000",
            "researchAndDevelopment": "None",
            "operatingExpenses": "270700000",
            "investmentIncomeNet": "None",
            "netInterestIncome": "-3400000",
            "interestIncome": "None",
            "interestExpense": "3400000",
            "nonInterestIncome": "936100000",
            "otherNonOperatingIncome": "-419200000",
            "depreciation": "None",
            "depreciationAndAmortization": "20400000",
            "incomeBeforeTax": "-242900000",
            "incomeTaxExpense": "-122800000",
            "interestAndDebtExpense": "3400000",
            "netIncomeFromContinuingOperations": "-120100000",
            "comprehensiveIncomeNetOfTax": "165600000",
            "ebit": "-239500000",
            "ebitda": "-219100000",
            "netIncome": "-120100000"
        },
        {
            "fiscalDateEnding": "2022-09-30",
            "reportedCurrency": "USD",
            "grossProfit": "305000000",
            "totalRevenue": "871800000",
            "costOfRevenue": "724700000",
            "costofGoodsAndServicesSold": "569200000",
            "operatingIncome": "163600000",
            "sellingGeneralAndAdministrative": "155500000",
            "researchAndDevelopment": "None",
            "operatingExpenses": "155500000",
            "investmentIncomeNet": "None",
            "netInterestIncome": "-2400000",
            "interestIncome": "None",
            "interestExpense": "2400000",
            "nonInterestIncome": "874200000",
            "otherNonOperatingIncome": "-2400000",
            "depreciation": "None",
            "depreciationAndAmortization": "18200000",
            "incomeBeforeTax": "144700000",
            "incomeTaxExpense": "34900000",
            "interestAndDebtExpense": "2400000",
            "netIncomeFromContinuingOperations": "109800000",
            "comprehensiveIncomeNetOfTax": "88100000",
            "ebit": "147100000",
            "ebitda": "165300000",
            "netIncome": "109800000"
        },
        {
            "fiscalDateEnding": "2022-06-30",
            "reportedCurrency": "USD",
            "grossProfit": "334400000",
            "totalRevenue": "963800000",
            "costOfRevenue": "798200000",
            "costofGoodsAndServicesSold": "631500000",
            "operatingIncome": "178000000",
            "sellingGeneralAndAdministrative": "166700000",
            "researchAndDevelopment": "None",
            "operatingExpenses": "166700000",
            "investmentIncomeNet": "None",
            "netInterestIncome": "-2100000",
            "interestIncome": "None",
            "interestExpense": "2100000",
            "nonInterestIncome": "965900000",
            "otherNonOperatingIncome": "-300000",
            "depreciation": "None",
            "depreciationAndAmortization": "18000000",
            "incomeBeforeTax": "165300000",
            "incomeTaxExpense": "39100000",
            "interestAndDebtExpense": "2100000",
            "netIncomeFromContinuingOperations": "126200000",
            "comprehensiveIncomeNetOfTax": "107400000",
            "ebit": "167400000",
            "ebitda": "185400000",
            "netIncome": "126200000"
        },
        {
            "fiscalDateEnding": "2022-03-31",
            "reportedCurrency": "USD",
            "grossProfit": "341600000",
            "totalRevenue": "976200000",
            "costOfRevenue": "815900000",
            "costofGoodsAndServicesSold": "636100000",
            "operatingIncome": "176500000",
            "sellingGeneralAndAdministrative": "179800000",
            "researchAndDevelopment": "None",
            "operatingExpenses": "179800000",
            "investmentIncomeNet": "None",
            "netInterestIncome": "-1500000",
            "interestIncome": "None",
            "interestExpense": "1500000",
            "nonInterestIncome": "977700000",
            "otherNonOperatingIncome": "-3700000",
            "depreciation": "None",
            "depreciationAndAmortization": "20300000",
            "incomeBeforeTax": "156600000",
            "incomeTaxExpense": "36800000",
            "interestAndDebtExpense": "1500000",
            "netIncomeFromContinuingOperations": "119800000",
            "comprehensiveIncomeNetOfTax": "123600000",
            "ebit": "158100000",
            "ebitda": "178400000",
            "netIncome": "119800000"
        },
        {
            "fiscalDateEnding": "2021-12-31",
            "reportedCurrency": "USD",
            "grossProfit": "360600000",
            "totalRevenue": "994100000",
            "costOfRevenue": "831400000",
            "costofGoodsAndServicesSold": "634900000",
            "operatingIncome": "197300000",
            "sellingGeneralAndAdministrative": "184200000",
            "researchAndDevelopment": "None",
            "operatingExpenses": "290700000",
            "investmentIncomeNet": "None",
            "netInterestIncome": "-1400000",
            "interestIncome": "None",
            "interestExpense": "1400000",
            "nonInterestIncome": "995500000",
            "otherNonOperatingIncome": "6800000",
            "depreciation": "None",
            "depreciationAndAmortization": "19900000",
            "incomeBeforeTax": "181800000",
            "incomeTaxExpense": "42200000",
            "interestAndDebtExpense": "1400000",
            "netIncomeFromContinuingOperations": "139600000",
            "comprehensiveIncomeNetOfTax": "117500000",
            "ebit": "183200000",
            "ebitda": "203100000",
            "netIncome": "139600000"
        },
        {
            "fiscalDateEnding": "2021-09-30",
            "reportedCurrency": "USD",
            "grossProfit": "340300000",
            "totalRevenue": "913600000",
            "costOfRevenue": "751900000",
            "costofGoodsAndServicesSold": "574300000",
            "operatingIncome": "178500000",
            "sellingGeneralAndAdministrative": "177600000",
            "researchAndDevelopment": "None",
            "operatingExpenses": "177600000",
            "investmentIncomeNet": "None",
            "netInterestIncome": "-1000000",
            "interestIncome": "None",
            "interestExpense": "1000000",
            "nonInterestIncome": "914600000",
            "otherNonOperatingIncome": "4700000",
            "depreciation": "None",
            "depreciationAndAmortization": "19000000",
            "incomeBeforeTax": "166400000",
            "incomeTaxExpense": "34800000",
            "interestAndDebtExpense": "1000000",
            "netIncomeFromContinuingOperations": "131600000",
            "comprehensiveIncomeNetOfTax": "133500000",
            "ebit": "167400000",
            "ebitda": "186400000",
            "netIncome": "131600000"
        },
        {
            "fiscalDateEnding": "2021-06-30",
            "reportedCurrency": "USD",
            "grossProfit": "321400000",
            "totalRevenue": "858900000",
            "costOfRevenue": "711500000",
            "costofGoodsAndServicesSold": "538400000",
            "operatingIncome": "164000000",
            "sellingGeneralAndAdministrative": "173100000",
            "researchAndDevelopment": "None",
            "operatingExpenses": "173100000",
            "investmentIncomeNet": "None",
            "netInterestIncome": "-900000",
            "interestIncome": "None",
            "interestExpense": "900000",
            "nonInterestIncome": "859800000",
            "otherNonOperatingIncome": "3900000",
            "depreciation": "None",
            "depreciationAndAmortization": "19500000",
            "incomeBeforeTax": "151300000",
            "incomeTaxExpense": "33100000",
            "interestAndDebtExpense": "900000",
            "netIncomeFromContinuingOperations": "118200000",
            "comprehensiveIncomeNetOfTax": "127800000",
            "ebit": "152200000",
            "ebitda": "171700000",
            "netIncome": "118200000"
        },
        {
            "fiscalDateEnding": "2021-03-31",
            "reportedCurrency": "USD",
            "grossProfit": "288600000",
            "totalRevenue": "768000000",
            "costOfRevenue": "646900000",
            "costofGoodsAndServicesSold": "480400000",
            "operatingIncome": "142200000",
            "sellingGeneralAndAdministrative": "166500000",
            "researchAndDevelopment": "None",
            "operatingExpenses": "166500000",
            "investmentIncomeNet": "None",
            "netInterestIncome": "-1000000",
            "interestIncome": "None",
            "interestExpense": "1000000",
            "nonInterestIncome": "769000000",
            "otherNonOperatingIncome": "5000000",
            "depreciation": "None",
            "depreciationAndAmortization": "19500000",
            "incomeBeforeTax": "126100000",
            "incomeTaxExpense": "28400000",
            "interestAndDebtExpense": "1000000",
            "netIncomeFromContinuingOperations": "97700000",
            "comprehensiveIncomeNetOfTax": "98100000",
            "ebit": "127100000",
            "ebitda": "146600000",
            "netIncome": "97700000"
        },
        {
            "fiscalDateEnding": "2020-12-31",
            "reportedCurrency": "USD",
            "grossProfit": "324100000",
            "totalRevenue": "834500000",
            "costOfRevenue": "696100000",
            "costofGoodsAndServicesSold": "510400000",
            "operatingIncome": "169200000",
            "sellingGeneralAndAdministrative": "171200000",
            "researchAndDevelopment": "None",
            "operatingExpenses": "266400000",
            "investmentIncomeNet": "None",
            "netInterestIncome": "-1000000",
            "interestIncome": "None",
            "interestExpense": "1000000",
            "nonInterestIncome": "834500000",
            "otherNonOperatingIncome": "0",
            "depreciation": "None",
            "depreciationAndAmortization": "19300000",
            "incomeBeforeTax": "151900000",
            "incomeTaxExpense": "31900000",
            "interestAndDebtExpense": "1000000",
            "netIncomeFromContinuingOperations": "324100000",
            "comprehensiveIncomeNetOfTax": "135300000",
            "ebit": "152900000",
            "ebitda": "172200000",
            "netIncome": "120000000"
        },
        {
            "fiscalDateEnding": "2020-09-30",
            "reportedCurrency": "USD",
            "grossProfit": "297100000",
            "totalRevenue": "758400000",
            "costOfRevenue": "623900000",
            "costofGoodsAndServicesSold": "462900000",
            "operatingIncome": "149800000",
            "sellingGeneralAndAdministrative": "159400000",
            "researchAndDevelopment": "None",
            "operatingExpenses": "161000000",
            "investmentIncomeNet": "None",
            "netInterestIncome": "-1600000",
            "interestIncome": "None",
            "interestExpense": "1600000",
            "nonInterestIncome": "760000000",
            "otherNonOperatingIncome": "2800000",
            "depreciation": "None",
            "depreciationAndAmortization": "20700000",
            "incomeBeforeTax": "137300000",
            "incomeTaxExpense": "31900000",
            "interestAndDebtExpense": "1600000",
            "netIncomeFromContinuingOperations": "105400000",
            "comprehensiveIncomeNetOfTax": "124700000",
            "ebit": "138900000",
            "ebitda": "159600000",
            "netIncome": "105400000"
        },
        {
            "fiscalDateEnding": "2020-06-30",
            "reportedCurrency": "USD",
            "grossProfit": "247500000",
            "totalRevenue": "661400000",
            "costOfRevenue": "578400000",
            "costofGoodsAndServicesSold": "416400000",
            "operatingIncome": "99300000",
            "sellingGeneralAndAdministrative": "155900000",
            "researchAndDevelopment": "None",
            "operatingExpenses": "162000000",
            "investmentIncomeNet": "None",
            "netInterestIncome": "-2500000",
            "interestIncome": "None",
            "interestExpense": "2500000",
            "nonInterestIncome": "663900000",
            "otherNonOperatingIncome": "4000000",
            "depreciation": "None",
            "depreciationAndAmortization": "19900000",
            "incomeBeforeTax": "87000000",
            "incomeTaxExpense": "19200000",
            "interestAndDebtExpense": "2500000",
            "netIncomeFromContinuingOperations": "67800000",
            "comprehensiveIncomeNetOfTax": "74400000",
            "ebit": "89500000",
            "ebitda": "109400000",
            "netIncome": "67800000"
        },
        {
            "fiscalDateEnding": "2020-03-31",
            "reportedCurrency": "USD",
            "grossProfit": "239500000",
            "totalRevenue": "634700000",
            "costOfRevenue": "571200000",
            "costofGoodsAndServicesSold": "397400000",
            "operatingIncome": "84900000",
            "sellingGeneralAndAdministrative": "173800000",
            "researchAndDevelopment": "None",
            "operatingExpenses": "173800000",
            "investmentIncomeNet": "None",
            "netInterestIncome": "-2200000",
            "interestIncome": "None",
            "interestExpense": "2200000",
            "nonInterestIncome": "636900000",
            "otherNonOperatingIncome": "4200000",
            "depreciation": "None",
            "depreciationAndAmortization": "20100000",
            "incomeBeforeTax": "67700000",
            "incomeTaxExpense": "16000000",
            "interestAndDebtExpense": "2200000",
            "netIncomeFromContinuingOperations": "51700000",
            "comprehensiveIncomeNetOfTax": "37600000",
            "ebit": "69900000",
            "ebitda": "90000000",
            "netIncome": "51700000"
        },
        {
            "fiscalDateEnding": "2019-12-31",
            "reportedCurrency": "USD",
            "grossProfit": "295000000",
            "totalRevenue": "750900000",
            "costOfRevenue": "651600000",
            "costofGoodsAndServicesSold": "455900000",
            "operatingIncome": "129900000",
            "sellingGeneralAndAdministrative": "179900000",
            "researchAndDevelopment": "None",
            "operatingExpenses": "283600000",
            "investmentIncomeNet": "None",
            "netInterestIncome": "-2500000",
            "interestIncome": "None",
            "interestExpense": "2500000",
            "nonInterestIncome": "750900000",
            "otherNonOperatingIncome": "2900000",
            "depreciation": "None",
            "depreciationAndAmortization": "20200000",
            "incomeBeforeTax": "115500000",
            "incomeTaxExpense": "24200000",
            "interestAndDebtExpense": "2500000",
            "netIncomeFromContinuingOperations": "295000000",
            "comprehensiveIncomeNetOfTax": "104600000",
            "ebit": "118000000",
            "ebitda": "138200000",
            "netIncome": "91300000"
        },
        {
            "fiscalDateEnding": "2019-09-30",
            "reportedCurrency": "USD",
            "grossProfit": "284200000",
            "totalRevenue": "725100000",
            "costOfRevenue": "616300000",
            "costofGoodsAndServicesSold": "444000000",
            "operatingIncome": "125700000",
            "sellingGeneralAndAdministrative": "172300000",
            "researchAndDevelopment": "None",
            "operatingExpenses": "172300000",
            "investmentIncomeNet": "None",
            "netInterestIncome": "-3100000",
            "interestIncome": "None",
            "interestExpense": "3100000",
            "nonInterestIncome": "728200000",
            "otherNonOperatingIncome": "4000000",
            "depreciation": "None",
            "depreciationAndAmortization": "19700000",
            "incomeBeforeTax": "112800000",
            "incomeTaxExpense": "25500000",
            "interestAndDebtExpense": "3100000",
            "netIncomeFromContinuingOperations": "87300000",
            "comprehensiveIncomeNetOfTax": "64100000",
            "ebit": "115900000",
            "ebitda": "135600000",
            "netIncome": "87300000"
        },
        {
            "fiscalDateEnding": "2019-06-30",
            "reportedCurrency": "USD",
            "grossProfit": "308700000",
            "totalRevenue": "762000000",
            "costOfRevenue": "635400000",
            "costofGoodsAndServicesSold": "456700000",
            "operatingIncome": "145200000",
            "sellingGeneralAndAdministrative": "178700000",
            "researchAndDevelopment": "None",
            "operatingExpenses": "178700000",
            "investmentIncomeNet": "None",
            "netInterestIncome": "-3400000",
            "interestIncome": "None",
            "interestExpense": "3400000",
            "nonInterestIncome": "765400000",
            "otherNonOperatingIncome": "5600000",
            "depreciation": "None",
            "depreciationAndAmortization": "18200000",
            "incomeBeforeTax": "132200000",
            "incomeTaxExpense": "30100000",
            "interestAndDebtExpense": "3400000",
            "netIncomeFromContinuingOperations": "102100000",
            "comprehensiveIncomeNetOfTax": "95800000",
            "ebit": "135600000",
            "ebitda": "153800000",
            "netIncome": "102100000"
        },
        {
            "fiscalDateEnding": "2019-03-31",
            "reportedCurrency": "USD",
            "grossProfit": "292800000",
            "totalRevenue": "746200000",
            "costOfRevenue": "640100000",
            "costofGoodsAndServicesSold": "455400000",
            "operatingIncome": "128300000",
            "sellingGeneralAndAdministrative": "184700000",
            "researchAndDevelopment": "None",
            "operatingExpenses": "184700000",
            "investmentIncomeNet": "None",
            "netInterestIncome": "-2000000",
            "interestIncome": "None",
            "interestExpense": "2000000",
            "nonInterestIncome": "748200000",
            "otherNonOperatingIncome": "5500000",
            "depreciation": "None",
            "depreciationAndAmortization": "20200000",
            "incomeBeforeTax": "111600000",
            "incomeTaxExpense": "22300000",
            "interestAndDebtExpense": "2000000",
            "netIncomeFromContinuingOperations": "89300000",
            "comprehensiveIncomeNetOfTax": "108000000",
            "ebit": "113600000",
            "ebitda": "133800000",
            "netIncome": "89300000"
        },
        {
            "fiscalDateEnding": "2018-12-31",
            "reportedCurrency": "USD",
            "grossProfit": "337000000",
            "totalRevenue": "812500000",
            "costOfRevenue": "682600000",
            "costofGoodsAndServicesSold": "475500000",
            "operatingIncome": "167100000",
            "sellingGeneralAndAdministrative": "186100000",
            "researchAndDevelopment": "None",
            "operatingExpenses": "301100000",
            "investmentIncomeNet": "None",
            "netInterestIncome": "-1800000",
            "interestIncome": "None",
            "interestExpense": "1800000",
            "nonInterestIncome": "812500000",
            "otherNonOperatingIncome": "5700000",
            "depreciation": "None",
            "depreciationAndAmortization": "18700000",
            "incomeBeforeTax": "154800000",
            "incomeTaxExpense": "28500000",
            "interestAndDebtExpense": "1800000",
            "netIncomeFromContinuingOperations": "337000000",
            "comprehensiveIncomeNetOfTax": "93700000",
            "ebit": "156600000",
            "ebitda": "175300000",
            "netIncome": "126300000"
        },
        {
            "fiscalDateEnding": "2018-09-30",
            "reportedCurrency": "USD",
            "grossProfit": "306000000",
            "totalRevenue": "752100000",
            "costOfRevenue": "625700000",
            "costofGoodsAndServicesSold": "448100000",
            "operatingIncome": "144700000",
            "sellingGeneralAndAdministrative": "177600000",
            "researchAndDevelopment": "None",
            "operatingExpenses": "177600000",
            "investmentIncomeNet": "None",
            "netInterestIncome": "-2000000",
            "interestIncome": "None",
            "interestExpense": "2000000",
            "nonInterestIncome": "754100000",
            "otherNonOperatingIncome": "5100000",
            "depreciation": "None",
            "depreciationAndAmortization": "17800000",
            "incomeBeforeTax": "131500000",
            "incomeTaxExpense": "26900000",
            "interestAndDebtExpense": "2000000",
            "netIncomeFromContinuingOperations": "104600000",
            "comprehensiveIncomeNetOfTax": "90800000",
            "ebit": "133500000",
            "ebitda": "151300000",
            "netIncome": "104600000"
        },
        {
            "fiscalDateEnding": "2018-06-30",
            "reportedCurrency": "USD",
            "grossProfit": "341000000",
            "totalRevenue": "831000000",
            "costOfRevenue": "689500000",
            "costofGoodsAndServicesSold": "492300000",
            "operatingIncome": "159600000",
            "sellingGeneralAndAdministrative": "197200000",
            "researchAndDevelopment": "None",
            "operatingExpenses": "197200000",
            "investmentIncomeNet": "None",
            "netInterestIncome": "-2300000",
            "interestIncome": "None",
            "interestExpense": "2300000",
            "nonInterestIncome": "833300000",
            "otherNonOperatingIncome": "4600000",
            "depreciation": "None",
            "depreciationAndAmortization": "17500000",
            "incomeBeforeTax": "146100000",
            "incomeTaxExpense": "31600000",
            "interestAndDebtExpense": "2300000",
            "netIncomeFromContinuingOperations": "114500000",
            "comprehensiveIncomeNetOfTax": "85800000",
            "ebit": "148400000",
            "ebitda": "165900000",
            "netIncome": "114500000"
        },
        {
            "fiscalDateEnding": "2018-03-31",
            "reportedCurrency": "USD",
            "grossProfit": "321500000",
            "totalRevenue": "785700000",
            "costOfRevenue": "659400000",
            "costofGoodsAndServicesSold": "466500000",
            "operatingIncome": "142000000",
            "sellingGeneralAndAdministrative": "192900000",
            "researchAndDevelopment": "None",
            "operatingExpenses": "192900000",
            "investmentIncomeNet": "None",
            "netInterestIncome": "-2300000",
            "interestIncome": "None",
            "interestExpense": "2300000",
            "nonInterestIncome": "788000000",
            "otherNonOperatingIncome": "5800000",
            "depreciation": "None",
            "depreciationAndAmortization": "17900000",
            "incomeBeforeTax": "125400000",
            "incomeTaxExpense": "26600000",
            "interestAndDebtExpense": "2300000",
            "netIncomeFromContinuingOperations": "98800000",
            "comprehensiveIncomeNetOfTax": "122600000",
            "ebit": "127700000",
            "ebitda": "145600000",
            "netIncome": "98800000"
        }
    ]
}