{
    "symbol": "CARR",
    "annualReports": [
        {
            "fiscalDateEnding": "2022-12-31",
            "reportedCurrency": "USD",
            "grossProfit": "19299000000",
            "totalRevenue": "21970000000",
            "costOfRevenue": "2671000000",
            "costofGoodsAndServicesSold": "1620000000",
            "operatingIncome": "4515000000",
            "sellingGeneralAndAdministrative": "2512000000",
            "researchAndDevelopment": "539000000",
            "operatingExpenses": "3206000000",
            "investmentIncomeNet": "None",
            "netInterestIncome": "-302000000",
            "interestIncome": "83000000",
            "interestExpense": "302000000",
            "nonInterestIncome": "22272000000",
            "otherNonOperatingIncome": "None",
            "depreciation": "256000000",
            "depreciationAndAmortization": "124000000",
            "incomeBeforeTax": "4242000000",
            "incomeTaxExpense": "708000000",
            "interestAndDebtExpense": "266000000",
            "netIncomeFromContinuingOperations": "3584000000",
            "comprehensiveIncomeNetOfTax": "2835000000",
            "ebit": "4515000000",
            "ebitda": "4668000000",
            "netIncome": "3534000000"
        },
        {
            "fiscalDateEnding": "2021-12-31",
            "reportedCurrency": "USD",
            "grossProfit": "17044000000",
            "totalRevenue": "20292000000",
            "costOfRevenue": "3248000000",
            "costofGoodsAndServicesSold": "14633000000",
            "operatingIncome": "2645000000",
            "sellingGeneralAndAdministrative": "3120000000",
            "researchAndDevelopment": "503000000",
            "operatingExpenses": "3812000000",
            "investmentIncomeNet": "None",
            "netInterestIncome": "-319000000",
            "interestIncome": "13000000",
            "interestExpense": "319000000",
            "nonInterestIncome": "20611000000",
            "otherNonOperatingIncome": "None",
            "depreciation": "238000000",
            "depreciationAndAmortization": "98000000",
            "incomeBeforeTax": "2363000000",
            "incomeTaxExpense": "699000000",
            "interestAndDebtExpense": "319000000",
            "netIncomeFromContinuingOperations": "1701000000",
            "comprehensiveIncomeNetOfTax": "1420000000",
            "ebit": "2645000000",
            "ebitda": "2780000000",
            "netIncome": "1664000000"
        },
        {
            "fiscalDateEnding": "2020-12-31",
            "reportedCurrency": "USD",
            "grossProfit": "15298000000",
            "totalRevenue": "18281000000",
            "costOfRevenue": "2983000000",
            "costofGoodsAndServicesSold": "12347000000",
            "operatingIncome": "3083000000",
            "sellingGeneralAndAdministrative": "2820000000",
            "researchAndDevelopment": "419000000",
            "operatingExpenses": "3502000000",
            "investmentIncomeNet": "None",
            "netInterestIncome": "-298000000",
            "interestIncome": "10000000",
            "interestExpense": "298000000",
            "nonInterestIncome": "18579000000",
            "otherNonOperatingIncome": "None",
            "depreciation": "234000000",
            "depreciationAndAmortization": "102000000",
            "incomeBeforeTax": "2831000000",
            "incomeTaxExpense": "849000000",
            "interestAndDebtExpense": "298000000",
            "netIncomeFromContinuingOperations": "2006000000",
            "comprehensiveIncomeNetOfTax": "2490000000",
            "ebit": "3083000000",
            "ebitda": "3231000000",
            "netIncome": "1982000000"
        }
    ],
    "quarterlyReports": [
        {
            "fiscalDateEnding": "2022-12-31",
            "reportedCurrency": "USD",
            "grossProfit": "4052000000",
            "totalRevenue": "4774000000",
            "costOfRevenue": "722000000",
            "costofGoodsAndServicesSold": "451000000",
            "operatingIncome": "433000000",
            "sellingGeneralAndAdministrative": "673000000",
            "researchAndDevelopment": "149000000",
            "operatingExpenses": "869000000",
            "investmentIncomeNet": "None",
            "netInterestIncome": "-54000000",
            "interestIncome": "22000000",
            "interestExpense": "54000000",
            "nonInterestIncome": "5076000000",
            "otherNonOperatingIncome": "None",
            "depreciation": "None",
            "depreciationAndAmortization": "45000000",
            "incomeBeforeTax": "369000000",
            "incomeTaxExpense": "99000000",
            "interestAndDebtExpense": "302000000",
            "netIncomeFromContinuingOperations": "278000000",
            "comprehensiveIncomeNetOfTax": "987000000",
            "ebit": "433000000",
            "ebitda": "478000000",
            "netIncome": "270000000"
        },
        {
            "fiscalDateEnding": "2022-09-30",
            "reportedCurrency": "USD",
            "grossProfit": "4783000000",
            "totalRevenue": "5451000000",
            "costOfRevenue": "668000000",
            "costofGoodsAndServicesSold": "3974000000",
            "operatingIncome": "1526000000",
            "sellingGeneralAndAdministrative": "624000000",
            "researchAndDevelopment": "143000000",
            "operatingExpenses": "811000000",
            "investmentIncomeNet": "None",
            "netInterestIncome": "-56000000",
            "interestIncome": "15000000",
            "interestExpense": "71000000",
            "nonInterestIncome": "5451000000",
            "otherNonOperatingIncome": "None",
            "depreciation": "None",
            "depreciationAndAmortization": "38000000",
            "incomeBeforeTax": "1450000000",
            "incomeTaxExpense": "138000000",
            "interestAndDebtExpense": "0",
            "netIncomeFromContinuingOperations": "1332000000",
            "comprehensiveIncomeNetOfTax": "682000000",
            "ebit": "1526000000",
            "ebitda": "1564000000",
            "netIncome": "1312000000"
        },
        {
            "fiscalDateEnding": "2022-06-30",
            "reportedCurrency": "USD",
            "grossProfit": "4563000000",
            "totalRevenue": "5211000000",
            "costOfRevenue": "648000000",
            "costofGoodsAndServicesSold": "3764000000",
            "operatingIncome": "819000000",
            "sellingGeneralAndAdministrative": "614000000",
            "researchAndDevelopment": "122000000",
            "operatingExpenses": "769000000",
            "investmentIncomeNet": "None",
            "netInterestIncome": "-61000000",
            "interestIncome": "7000000",
            "interestExpense": "68000000",
            "nonInterestIncome": "5211000000",
            "otherNonOperatingIncome": "None",
            "depreciation": "None",
            "depreciationAndAmortization": "20000000",
            "incomeBeforeTax": "743000000",
            "incomeTaxExpense": "170000000",
            "interestAndDebtExpense": "0",
            "netIncomeFromContinuingOperations": "587000000",
            "comprehensiveIncomeNetOfTax": "95000000",
            "ebit": "819000000",
            "ebitda": "839000000",
            "netIncome": "573000000"
        },
        {
            "fiscalDateEnding": "2022-03-31",
            "reportedCurrency": "USD",
            "grossProfit": "5169000000",
            "totalRevenue": "5802000000",
            "costOfRevenue": "633000000",
            "costofGoodsAndServicesSold": "3361000000",
            "operatingIncome": "1737000000",
            "sellingGeneralAndAdministrative": "601000000",
            "researchAndDevelopment": "125000000",
            "operatingExpenses": "757000000",
            "investmentIncomeNet": "None",
            "netInterestIncome": "-48000000",
            "interestIncome": "39000000",
            "interestExpense": "87000000",
            "nonInterestIncome": "5802000000",
            "otherNonOperatingIncome": "None",
            "depreciation": "None",
            "depreciationAndAmortization": "21000000",
            "incomeBeforeTax": "1680000000",
            "incomeTaxExpense": "301000000",
            "interestAndDebtExpense": "-36000000",
            "netIncomeFromContinuingOperations": "1387000000",
            "comprehensiveIncomeNetOfTax": "1071000000",
            "ebit": "1737000000",
            "ebitda": "1758000000",
            "netIncome": "1379000000"
        },
        {
            "fiscalDateEnding": "2021-12-31",
            "reportedCurrency": "USD",
            "grossProfit": "3941000000",
            "totalRevenue": "4808000000",
            "costOfRevenue": "867000000",
            "costofGoodsAndServicesSold": "3767000000",
            "operatingIncome": "463000000",
            "sellingGeneralAndAdministrative": "816000000",
            "researchAndDevelopment": "134000000",
            "operatingExpenses": "1011000000",
            "investmentIncomeNet": "None",
            "netInterestIncome": "-68000000",
            "interestIncome": "4000000",
            "interestExpense": "72000000",
            "nonInterestIncome": "5127000000",
            "otherNonOperatingIncome": "None",
            "depreciation": "None",
            "depreciationAndAmortization": "24000000",
            "incomeBeforeTax": "397000000",
            "incomeTaxExpense": "73000000",
            "interestAndDebtExpense": "319000000",
            "netIncomeFromContinuingOperations": "332000000",
            "comprehensiveIncomeNetOfTax": "326000000",
            "ebit": "463000000",
            "ebitda": "487000000",
            "netIncome": "324000000"
        },
        {
            "fiscalDateEnding": "2021-09-30",
            "reportedCurrency": "USD",
            "grossProfit": "4569000000",
            "totalRevenue": "5341000000",
            "costOfRevenue": "772000000",
            "costofGoodsAndServicesSold": "3740000000",
            "operatingIncome": "828000000",
            "sellingGeneralAndAdministrative": "748000000",
            "researchAndDevelopment": "123000000",
            "operatingExpenses": "909000000",
            "investmentIncomeNet": "None",
            "netInterestIncome": "-74000000",
            "interestIncome": "2000000",
            "interestExpense": "76000000",
            "nonInterestIncome": "5341000000",
            "otherNonOperatingIncome": "None",
            "depreciation": "None",
            "depreciationAndAmortization": "25000000",
            "incomeBeforeTax": "757000000",
            "incomeTaxExpense": "288000000",
            "interestAndDebtExpense": "0",
            "netIncomeFromContinuingOperations": "480000000",
            "comprehensiveIncomeNetOfTax": "272000000",
            "ebit": "828000000",
            "ebitda": "853000000",
            "netIncome": "469000000"
        },
        {
            "fiscalDateEnding": "2021-06-30",
            "reportedCurrency": "USD",
            "grossProfit": "4600000000",
            "totalRevenue": "5440000000",
            "costOfRevenue": "840000000",
            "costofGoodsAndServicesSold": "3821000000",
            "operatingIncome": "783000000",
            "sellingGeneralAndAdministrative": "813000000",
            "researchAndDevelopment": "125000000",
            "operatingExpenses": "984000000",
            "investmentIncomeNet": "None",
            "netInterestIncome": "-71000000",
            "interestIncome": "4000000",
            "interestExpense": "75000000",
            "nonInterestIncome": "5440000000",
            "otherNonOperatingIncome": "None",
            "depreciation": "None",
            "depreciationAndAmortization": "25000000",
            "incomeBeforeTax": "721000000",
            "incomeTaxExpense": "234000000",
            "interestAndDebtExpense": "0",
            "netIncomeFromContinuingOperations": "497000000",
            "comprehensiveIncomeNetOfTax": "552000000",
            "ebit": "783000000",
            "ebitda": "808000000",
            "netIncome": "487000000"
        },
        {
            "fiscalDateEnding": "2021-03-31",
            "reportedCurrency": "USD",
            "grossProfit": "3932000000",
            "totalRevenue": "4699000000",
            "costOfRevenue": "767000000",
            "costofGoodsAndServicesSold": "3305000000",
            "operatingIncome": "571000000",
            "sellingGeneralAndAdministrative": "743000000",
            "researchAndDevelopment": "121000000",
            "operatingExpenses": "906000000",
            "investmentIncomeNet": "None",
            "netInterestIncome": "-93000000",
            "interestIncome": "3000000",
            "interestExpense": "96000000",
            "nonInterestIncome": "4699000000",
            "otherNonOperatingIncome": "None",
            "depreciation": "None",
            "depreciationAndAmortization": "24000000",
            "incomeBeforeTax": "488000000",
            "incomeTaxExpense": "104000000",
            "interestAndDebtExpense": "0",
            "netIncomeFromContinuingOperations": "392000000",
            "comprehensiveIncomeNetOfTax": "270000000",
            "ebit": "571000000",
            "ebitda": "595000000",
            "netIncome": "384000000"
        },
        {
            "fiscalDateEnding": "2020-12-31",
            "reportedCurrency": "USD",
            "grossProfit": "4594000000",
            "totalRevenue": "4594000000",
            "costOfRevenue": "853000000",
            "costofGoodsAndServicesSold": "3309000000",
            "operatingIncome": "1245000000",
            "sellingGeneralAndAdministrative": "810000000",
            "researchAndDevelopment": "127000000",
            "operatingExpenses": "995000000",
            "investmentIncomeNet": "None",
            "netInterestIncome": "-85000000",
            "interestIncome": "3000000",
            "interestExpense": "85000000",
            "nonInterestIncome": "4594000000",
            "otherNonOperatingIncome": "None",
            "depreciation": "69000000",
            "depreciationAndAmortization": "26000000",
            "incomeBeforeTax": "1534000000",
            "incomeTaxExpense": "289000000",
            "interestAndDebtExpense": "85000000",
            "netIncomeFromContinuingOperations": "1245000000",
            "comprehensiveIncomeNetOfTax": "1310000000",
            "ebit": "1245000000",
            "ebitda": "1645000000",
            "netIncome": "1245000000"
        },
        {
            "fiscalDateEnding": "2020-09-30",
            "reportedCurrency": "USD",
            "grossProfit": "4218000000",
            "totalRevenue": "4912000000",
            "costOfRevenue": "694000000",
            "costofGoodsAndServicesSold": "3441000000",
            "operatingIncome": "1081000000",
            "sellingGeneralAndAdministrative": "681000000",
            "researchAndDevelopment": "100000000",
            "operatingExpenses": "810000000",
            "investmentIncomeNet": "None",
            "netInterestIncome": "-90000000",
            "interestIncome": "2000000",
            "interestExpense": "90000000",
            "nonInterestIncome": "5002000000",
            "otherNonOperatingIncome": "None",
            "depreciation": "56000000",
            "depreciationAndAmortization": "26000000",
            "incomeBeforeTax": "1002000000",
            "incomeTaxExpense": "261000000",
            "interestAndDebtExpense": "90000000",
            "netIncomeFromContinuingOperations": "748000000",
            "comprehensiveIncomeNetOfTax": "1048000000",
            "ebit": "1081000000",
            "ebitda": "1118000000",
            "netIncome": "741000000"
        },
        {
            "fiscalDateEnding": "2020-06-30",
            "reportedCurrency": "USD",
            "grossProfit": "3228000000",
            "totalRevenue": "3887000000",
            "costOfRevenue": "659000000",
            "costofGoodsAndServicesSold": "2831000000",
            "operatingIncome": "442000000",
            "sellingGeneralAndAdministrative": "637000000",
            "researchAndDevelopment": "94000000",
            "operatingExpenses": "767000000",
            "investmentIncomeNet": "None",
            "netInterestIncome": "-85000000",
            "interestIncome": "4000000",
            "interestExpense": "85000000",
            "nonInterestIncome": "3972000000",
            "otherNonOperatingIncome": "None",
            "depreciation": "53000000",
            "depreciationAndAmortization": "25000000",
            "incomeBeforeTax": "367000000",
            "incomeTaxExpense": "106000000",
            "interestAndDebtExpense": "85000000",
            "netIncomeFromContinuingOperations": "269000000",
            "comprehensiveIncomeNetOfTax": "518000000",
            "ebit": "442000000",
            "ebitda": "477000000",
            "netIncome": "261000000"
        },
        {
            "fiscalDateEnding": "2020-03-31",
            "reportedCurrency": "USD",
            "grossProfit": "3081000000",
            "totalRevenue": "3857000000",
            "costOfRevenue": "776000000",
            "costofGoodsAndServicesSold": "2766000000",
            "operatingIncome": "315000000",
            "sellingGeneralAndAdministrative": "692000000",
            "researchAndDevelopment": "98000000",
            "operatingExpenses": "903000000",
            "investmentIncomeNet": "None",
            "netInterestIncome": "-31000000",
            "interestIncome": "1000000",
            "interestExpense": "31000000",
            "nonInterestIncome": "3888000000",
            "otherNonOperatingIncome": "None",
            "depreciation": "56000000",
            "depreciationAndAmortization": "25000000",
            "incomeBeforeTax": "289000000",
            "incomeTaxExpense": "193000000",
            "interestAndDebtExpense": "31000000",
            "netIncomeFromContinuingOperations": "102000000",
            "comprehensiveIncomeNetOfTax": "-387000000",
            "ebit": "315000000",
            "ebitda": "345000000",
            "netIncome": "96000000"
        },
        {
            "fiscalDateEnding": "2019-06-30",
            "reportedCurrency": "USD",
            "grossProfit": "1474000000",
            "totalRevenue": "4962000000",
            "costOfRevenue": "3488000000",
            "costofGoodsAndServicesSold": "3488000000",
            "operatingIncome": "805000000",
            "sellingGeneralAndAdministrative": "680000000",
            "researchAndDevelopment": "103000000",
            "operatingExpenses": "749000000",
            "investmentIncomeNet": "None",
            "netInterestIncome": "16000000",
            "interestIncome": "25000000",
            "interestExpense": "9000000",
            "nonInterestIncome": "None",
            "otherNonOperatingIncome": "None",
            "depreciation": "55000000",
            "depreciationAndAmortization": "82000000",
            "incomeBeforeTax": "859000000",
            "incomeTaxExpense": "65000000",
            "interestAndDebtExpense": "None",
            "netIncomeFromContinuingOperations": "794000000",
            "comprehensiveIncomeNetOfTax": "710000000",
            "ebit": "805000000",
            "ebitda": "940000000",
            "netIncome": "784000000"
        },
        {
            "fiscalDateEnding": "2019-03-31",
            "reportedCurrency": "USD",
            "grossProfit": "1226000000",
            "totalRevenue": "4323000000",
            "costOfRevenue": "3097000000",
            "costofGoodsAndServicesSold": "3097000000",
            "operatingIncome": "500000000",
            "sellingGeneralAndAdministrative": "684000000",
            "researchAndDevelopment": "97000000",
            "operatingExpenses": "766000000",
            "investmentIncomeNet": "None",
            "netInterestIncome": "4000000",
            "interestIncome": "4000000",
            "interestExpense": "26000000",
            "nonInterestIncome": "None",
            "otherNonOperatingIncome": "None",
            "depreciation": "54000000",
            "depreciationAndAmortization": "85000000",
            "incomeBeforeTax": "543000000",
            "incomeTaxExpense": "140000000",
            "interestAndDebtExpense": "None",
            "netIncomeFromContinuingOperations": "403000000",
            "comprehensiveIncomeNetOfTax": "496000000",
            "ebit": "500000000",
            "ebitda": "651000000",
            "netIncome": "400000000"
        }
    ]
}