{
    "symbol": "CTSH",
    "annualReports": [
        {
            "fiscalDateEnding": "2022-12-31",
            "reportedCurrency": "USD",
            "grossProfit": "2968000000",
            "totalRevenue": "19428000000",
            "costOfRevenue": "16460000000",
            "costofGoodsAndServicesSold": "12448000000",
            "operatingIncome": "2968000000",
            "sellingGeneralAndAdministrative": "3443000000",
            "researchAndDevelopment": "None",
            "operatingExpenses": "4021000000",
            "investmentIncomeNet": "59000000",
            "netInterestIncome": "-19000000",
            "interestIncome": "59000000",
            "interestExpense": "19000000",
            "nonInterestIncome": "19435000000",
            "otherNonOperatingIncome": "1000000",
            "depreciation": "None",
            "depreciationAndAmortization": "569000000",
            "incomeBeforeTax": "3020000000",
            "incomeTaxExpense": "730000000",
            "interestAndDebtExpense": "19000000",
            "netIncomeFromContinuingOperations": "2290000000",
            "comprehensiveIncomeNetOfTax": "1954000000",
            "ebit": "3039000000",
            "ebitda": "3608000000",
            "netIncome": "2290000000"
        },
        {
            "fiscalDateEnding": "2021-12-31",
            "reportedCurrency": "USD",
            "grossProfit": "2826000000",
            "totalRevenue": "18507000000",
            "costOfRevenue": "15681000000",
            "costofGoodsAndServicesSold": "11604000000",
            "operatingIncome": "2826000000",
            "sellingGeneralAndAdministrative": "3503000000",
            "researchAndDevelopment": "None",
            "operatingExpenses": "4083000000",
            "investmentIncomeNet": "30000000",
            "netInterestIncome": "-9000000",
            "interestIncome": "30000000",
            "interestExpense": "9000000",
            "nonInterestIncome": "18487000000",
            "otherNonOperatingIncome": "0",
            "depreciation": "None",
            "depreciationAndAmortization": "574000000",
            "incomeBeforeTax": "2830000000",
            "incomeTaxExpense": "693000000",
            "interestAndDebtExpense": "9000000",
            "netIncomeFromContinuingOperations": "2137000000",
            "comprehensiveIncomeNetOfTax": "2064000000",
            "ebit": "2839000000",
            "ebitda": "3413000000",
            "netIncome": "2137000000"
        },
        {
            "fiscalDateEnding": "2020-12-31",
            "reportedCurrency": "USD",
            "grossProfit": "2114000000",
            "totalRevenue": "16652000000",
            "costOfRevenue": "14538000000",
            "costofGoodsAndServicesSold": "10671000000",
            "operatingIncome": "2114000000",
            "sellingGeneralAndAdministrative": "3100000000",
            "researchAndDevelopment": "None",
            "operatingExpenses": "3875000000",
            "investmentIncomeNet": "119000000",
            "netInterestIncome": "-24000000",
            "interestIncome": "119000000",
            "interestExpense": "24000000",
            "nonInterestIncome": "16536000000",
            "otherNonOperatingIncome": "3000000",
            "depreciation": "None",
            "depreciationAndAmortization": "552000000",
            "incomeBeforeTax": "2096000000",
            "incomeTaxExpense": "704000000",
            "interestAndDebtExpense": "24000000",
            "netIncomeFromContinuingOperations": "1392000000",
            "comprehensiveIncomeNetOfTax": "1540000000",
            "ebit": "2120000000",
            "ebitda": "2672000000",
            "netIncome": "1392000000"
        },
        {
            "fiscalDateEnding": "2019-12-31",
            "reportedCurrency": "USD",
            "grossProfit": "2396000000",
            "totalRevenue": "16783000000",
            "costOfRevenue": "14387000000",
            "costofGoodsAndServicesSold": "10634000000",
            "operatingIncome": "2453000000",
            "sellingGeneralAndAdministrative": "2972000000",
            "researchAndDevelopment": "None",
            "operatingExpenses": "3753000000",
            "investmentIncomeNet": "176000000",
            "netInterestIncome": "-26000000",
            "interestIncome": "176000000",
            "interestExpense": "26000000",
            "nonInterestIncome": "16718000000",
            "otherNonOperatingIncome": "5000000",
            "depreciation": "None",
            "depreciationAndAmortization": "507000000",
            "incomeBeforeTax": "2485000000",
            "incomeTaxExpense": "643000000",
            "interestAndDebtExpense": "26000000",
            "netIncomeFromContinuingOperations": "1842000000",
            "comprehensiveIncomeNetOfTax": "1918000000",
            "ebit": "2511000000",
            "ebitda": "3018000000",
            "netIncome": "1842000000"
        },
        {
            "fiscalDateEnding": "2018-12-31",
            "reportedCurrency": "USD",
            "grossProfit": "12948000000",
            "totalRevenue": "16125000000",
            "costOfRevenue": "3177000000",
            "costofGoodsAndServicesSold": "9838000000",
            "operatingIncome": "2801000000",
            "sellingGeneralAndAdministrative": "3007000000",
            "researchAndDevelopment": "None",
            "operatingExpenses": "3190000000",
            "investmentIncomeNet": "177000000",
            "netInterestIncome": "-27000000",
            "interestIncome": "177000000",
            "interestExpense": "27000000",
            "nonInterestIncome": "15973000000",
            "otherNonOperatingIncome": "-2000000",
            "depreciation": "None",
            "depreciationAndAmortization": "460000000",
            "incomeBeforeTax": "2799000000",
            "incomeTaxExpense": "698000000",
            "interestAndDebtExpense": "27000000",
            "netIncomeFromContinuingOperations": "2101000000",
            "comprehensiveIncomeNetOfTax": "1918000000",
            "ebit": "2826000000",
            "ebitda": "3286000000",
            "netIncome": "2101000000"
        }
    ],
    "quarterlyReports": [
        {
            "fiscalDateEnding": "2022-12-31",
            "reportedCurrency": "USD",
            "grossProfit": "686000000",
            "totalRevenue": "4839000000",
            "costOfRevenue": "4153000000",
            "costofGoodsAndServicesSold": "3152000000",
            "operatingIncome": "686000000",
            "sellingGeneralAndAdministrative": "860000000",
            "researchAndDevelopment": "None",
            "operatingExpenses": "1010000000",
            "investmentIncomeNet": "27000000",
            "netInterestIncome": "-8000000",
            "interestIncome": "27000000",
            "interestExpense": "8000000",
            "nonInterestIncome": "4847000000",
            "otherNonOperatingIncome": "1000000",
            "depreciation": "None",
            "depreciationAndAmortization": "141000000",
            "incomeBeforeTax": "714000000",
            "incomeTaxExpense": "193000000",
            "interestAndDebtExpense": "8000000",
            "netIncomeFromContinuingOperations": "521000000",
            "comprehensiveIncomeNetOfTax": "733000000",
            "ebit": "722000000",
            "ebitda": "863000000",
            "netIncome": "521000000"
        },
        {
            "fiscalDateEnding": "2022-09-30",
            "reportedCurrency": "USD",
            "grossProfit": "798000000",
            "totalRevenue": "4857000000",
            "costOfRevenue": "4059000000",
            "costofGoodsAndServicesSold": "3080000000",
            "operatingIncome": "798000000",
            "sellingGeneralAndAdministrative": "838000000",
            "researchAndDevelopment": "None",
            "operatingExpenses": "979000000",
            "investmentIncomeNet": "17000000",
            "netInterestIncome": "-6000000",
            "interestIncome": "17000000",
            "interestExpense": "6000000",
            "nonInterestIncome": "4860000000",
            "otherNonOperatingIncome": "0",
            "depreciation": "None",
            "depreciationAndAmortization": "141000000",
            "incomeBeforeTax": "812000000",
            "incomeTaxExpense": "183000000",
            "interestAndDebtExpense": "6000000",
            "netIncomeFromContinuingOperations": "629000000",
            "comprehensiveIncomeNetOfTax": "387000000",
            "ebit": "818000000",
            "ebitda": "959000000",
            "netIncome": "629000000"
        },
        {
            "fiscalDateEnding": "2022-06-30",
            "reportedCurrency": "USD",
            "grossProfit": "760000000",
            "totalRevenue": "4906000000",
            "costOfRevenue": "4146000000",
            "costofGoodsAndServicesSold": "3119000000",
            "operatingIncome": "760000000",
            "sellingGeneralAndAdministrative": "883000000",
            "researchAndDevelopment": "None",
            "operatingExpenses": "1027000000",
            "investmentIncomeNet": "9000000",
            "netInterestIncome": "-3000000",
            "interestIncome": "9000000",
            "interestExpense": "3000000",
            "nonInterestIncome": "4902000000",
            "otherNonOperatingIncome": "-1000000",
            "depreciation": "None",
            "depreciationAndAmortization": "144000000",
            "incomeBeforeTax": "761000000",
            "incomeTaxExpense": "184000000",
            "interestAndDebtExpense": "3000000",
            "netIncomeFromContinuingOperations": "577000000",
            "comprehensiveIncomeNetOfTax": "327000000",
            "ebit": "764000000",
            "ebitda": "908000000",
            "netIncome": "577000000"
        },
        {
            "fiscalDateEnding": "2022-03-31",
            "reportedCurrency": "USD",
            "grossProfit": "724000000",
            "totalRevenue": "4826000000",
            "costOfRevenue": "4102000000",
            "costofGoodsAndServicesSold": "3097000000",
            "operatingIncome": "724000000",
            "sellingGeneralAndAdministrative": "862000000",
            "researchAndDevelopment": "None",
            "operatingExpenses": "1014000000",
            "investmentIncomeNet": "6000000",
            "netInterestIncome": "-2000000",
            "interestIncome": "6000000",
            "interestExpense": "2000000",
            "nonInterestIncome": "4826000000",
            "otherNonOperatingIncome": "1000000",
            "depreciation": "None",
            "depreciationAndAmortization": "143000000",
            "incomeBeforeTax": "733000000",
            "incomeTaxExpense": "170000000",
            "interestAndDebtExpense": "2000000",
            "netIncomeFromContinuingOperations": "563000000",
            "comprehensiveIncomeNetOfTax": "507000000",
            "ebit": "735000000",
            "ebitda": "878000000",
            "netIncome": "563000000"
        },
        {
            "fiscalDateEnding": "2021-12-31",
            "reportedCurrency": "USD",
            "grossProfit": "732000000",
            "totalRevenue": "4777000000",
            "costOfRevenue": "4045000000",
            "costofGoodsAndServicesSold": "3030000000",
            "operatingIncome": "732000000",
            "sellingGeneralAndAdministrative": "871000000",
            "researchAndDevelopment": "None",
            "operatingExpenses": "1016000000",
            "investmentIncomeNet": "7000000",
            "netInterestIncome": "-2000000",
            "interestIncome": "7000000",
            "interestExpense": "2000000",
            "nonInterestIncome": "4776000000",
            "otherNonOperatingIncome": "1000000",
            "depreciation": "None",
            "depreciationAndAmortization": "144000000",
            "incomeBeforeTax": "738000000",
            "incomeTaxExpense": "162000000",
            "interestAndDebtExpense": "2000000",
            "netIncomeFromContinuingOperations": "576000000",
            "comprehensiveIncomeNetOfTax": "580000000",
            "ebit": "740000000",
            "ebitda": "884000000",
            "netIncome": "576000000"
        },
        {
            "fiscalDateEnding": "2021-09-30",
            "reportedCurrency": "USD",
            "grossProfit": "729000000",
            "totalRevenue": "4744000000",
            "costOfRevenue": "4015000000",
            "costofGoodsAndServicesSold": "2947000000",
            "operatingIncome": "729000000",
            "sellingGeneralAndAdministrative": "924000000",
            "researchAndDevelopment": "None",
            "operatingExpenses": "1068000000",
            "investmentIncomeNet": "7000000",
            "netInterestIncome": "-3000000",
            "interestIncome": "7000000",
            "interestExpense": "3000000",
            "nonInterestIncome": "4741000000",
            "otherNonOperatingIncome": "1000000",
            "depreciation": "None",
            "depreciationAndAmortization": "144000000",
            "incomeBeforeTax": "731000000",
            "incomeTaxExpense": "187000000",
            "interestAndDebtExpense": "3000000",
            "netIncomeFromContinuingOperations": "544000000",
            "comprehensiveIncomeNetOfTax": "495000000",
            "ebit": "734000000",
            "ebitda": "878000000",
            "netIncome": "544000000"
        },
        {
            "fiscalDateEnding": "2021-06-30",
            "reportedCurrency": "USD",
            "grossProfit": "696000000",
            "totalRevenue": "4585000000",
            "costOfRevenue": "3889000000",
            "costofGoodsAndServicesSold": "2863000000",
            "operatingIncome": "696000000",
            "sellingGeneralAndAdministrative": "881000000",
            "researchAndDevelopment": "None",
            "operatingExpenses": "1026000000",
            "investmentIncomeNet": "7000000",
            "netInterestIncome": "-2000000",
            "interestIncome": "7000000",
            "interestExpense": "2000000",
            "nonInterestIncome": "4578000000",
            "otherNonOperatingIncome": "0",
            "depreciation": "None",
            "depreciationAndAmortization": "145000000",
            "incomeBeforeTax": "696000000",
            "incomeTaxExpense": "184000000",
            "interestAndDebtExpense": "2000000",
            "netIncomeFromContinuingOperations": "512000000",
            "comprehensiveIncomeNetOfTax": "513000000",
            "ebit": "698000000",
            "ebitda": "843000000",
            "netIncome": "512000000"
        },
        {
            "fiscalDateEnding": "2021-03-31",
            "reportedCurrency": "USD",
            "grossProfit": "669000000",
            "totalRevenue": "4401000000",
            "costOfRevenue": "3732000000",
            "costofGoodsAndServicesSold": "2764000000",
            "operatingIncome": "669000000",
            "sellingGeneralAndAdministrative": "827000000",
            "researchAndDevelopment": "None",
            "operatingExpenses": "963000000",
            "investmentIncomeNet": "9000000",
            "netInterestIncome": "-2000000",
            "interestIncome": "9000000",
            "interestExpense": "2000000",
            "nonInterestIncome": "4392000000",
            "otherNonOperatingIncome": "-2000000",
            "depreciation": "None",
            "depreciationAndAmortization": "141000000",
            "incomeBeforeTax": "665000000",
            "incomeTaxExpense": "160000000",
            "interestAndDebtExpense": "2000000",
            "netIncomeFromContinuingOperations": "505000000",
            "comprehensiveIncomeNetOfTax": "476000000",
            "ebit": "667000000",
            "ebitda": "808000000",
            "netIncome": "505000000"
        },
        {
            "fiscalDateEnding": "2020-12-31",
            "reportedCurrency": "USD",
            "grossProfit": "465000000",
            "totalRevenue": "4184000000",
            "costOfRevenue": "3719000000",
            "costofGoodsAndServicesSold": "2662000000",
            "operatingIncome": "465000000",
            "sellingGeneralAndAdministrative": "874000000",
            "researchAndDevelopment": "None",
            "operatingExpenses": "1047000000",
            "investmentIncomeNet": "14000000",
            "netInterestIncome": "-3000000",
            "interestIncome": "14000000",
            "interestExpense": "3000000",
            "nonInterestIncome": "4173000000",
            "otherNonOperatingIncome": "2000000",
            "depreciation": "None",
            "depreciationAndAmortization": "145000000",
            "incomeBeforeTax": "468000000",
            "incomeTaxExpense": "152000000",
            "interestAndDebtExpense": "3000000",
            "netIncomeFromContinuingOperations": "316000000",
            "comprehensiveIncomeNetOfTax": "466000000",
            "ebit": "471000000",
            "ebitda": "616000000",
            "netIncome": "316000000"
        },
        {
            "fiscalDateEnding": "2020-09-30",
            "reportedCurrency": "USD",
            "grossProfit": "603000000",
            "totalRevenue": "4243000000",
            "costOfRevenue": "3640000000",
            "costofGoodsAndServicesSold": "2647000000",
            "operatingIncome": "603000000",
            "sellingGeneralAndAdministrative": "804000000",
            "researchAndDevelopment": "None",
            "operatingExpenses": "993000000",
            "investmentIncomeNet": "27000000",
            "netInterestIncome": "-6000000",
            "interestIncome": "27000000",
            "interestExpense": "6000000",
            "nonInterestIncome": "4242000000",
            "otherNonOperatingIncome": "1000000",
            "depreciation": "None",
            "depreciationAndAmortization": "138000000",
            "incomeBeforeTax": "624000000",
            "incomeTaxExpense": "276000000",
            "interestAndDebtExpense": "6000000",
            "netIncomeFromContinuingOperations": "348000000",
            "comprehensiveIncomeNetOfTax": "496000000",
            "ebit": "630000000",
            "ebitda": "768000000",
            "netIncome": "348000000"
        },
        {
            "fiscalDateEnding": "2020-06-30",
            "reportedCurrency": "USD",
            "grossProfit": "467000000",
            "totalRevenue": "4000000000",
            "costOfRevenue": "3533000000",
            "costofGoodsAndServicesSold": "2615000000",
            "operatingIncome": "467000000",
            "sellingGeneralAndAdministrative": "711000000",
            "researchAndDevelopment": "None",
            "operatingExpenses": "918000000",
            "investmentIncomeNet": "37000000",
            "netInterestIncome": "-9000000",
            "interestIncome": "37000000",
            "interestExpense": "9000000",
            "nonInterestIncome": "3998000000",
            "otherNonOperatingIncome": "2000000",
            "depreciation": "None",
            "depreciationAndAmortization": "136000000",
            "incomeBeforeTax": "495000000",
            "incomeTaxExpense": "134000000",
            "interestAndDebtExpense": "9000000",
            "netIncomeFromContinuingOperations": "361000000",
            "comprehensiveIncomeNetOfTax": "437000000",
            "ebit": "504000000",
            "ebitda": "640000000",
            "netIncome": "361000000"
        },
        {
            "fiscalDateEnding": "2020-03-31",
            "reportedCurrency": "USD",
            "grossProfit": "579000000",
            "totalRevenue": "4225000000",
            "costOfRevenue": "3646000000",
            "costofGoodsAndServicesSold": "2747000000",
            "operatingIncome": "579000000",
            "sellingGeneralAndAdministrative": "711000000",
            "researchAndDevelopment": "None",
            "operatingExpenses": "909000000",
            "investmentIncomeNet": "41000000",
            "netInterestIncome": "-6000000",
            "interestIncome": "41000000",
            "interestExpense": "6000000",
            "nonInterestIncome": "4123000000",
            "otherNonOperatingIncome": "-2000000",
            "depreciation": "None",
            "depreciationAndAmortization": "133000000",
            "incomeBeforeTax": "509000000",
            "incomeTaxExpense": "142000000",
            "interestAndDebtExpense": "6000000",
            "netIncomeFromContinuingOperations": "367000000",
            "comprehensiveIncomeNetOfTax": "141000000",
            "ebit": "515000000",
            "ebitda": "648000000",
            "netIncome": "367000000"
        },
        {
            "fiscalDateEnding": "2019-12-31",
            "reportedCurrency": "USD",
            "grossProfit": "626000000",
            "totalRevenue": "4284000000",
            "costOfRevenue": "3658000000",
            "costofGoodsAndServicesSold": "2749000000",
            "operatingIncome": "626000000",
            "sellingGeneralAndAdministrative": "676000000",
            "researchAndDevelopment": "None",
            "operatingExpenses": "909000000",
            "investmentIncomeNet": "40000000",
            "netInterestIncome": "-6000000",
            "interestIncome": "40000000",
            "interestExpense": "6000000",
            "nonInterestIncome": "4248000000",
            "otherNonOperatingIncome": "2000000",
            "depreciation": "None",
            "depreciationAndAmortization": "132000000",
            "incomeBeforeTax": "569000000",
            "incomeTaxExpense": "174000000",
            "interestAndDebtExpense": "6000000",
            "netIncomeFromContinuingOperations": "626000000",
            "comprehensiveIncomeNetOfTax": "516000000",
            "ebit": "575000000",
            "ebitda": "707000000",
            "netIncome": "395000000"
        },
        {
            "fiscalDateEnding": "2019-09-30",
            "reportedCurrency": "USD",
            "grossProfit": "796000000",
            "totalRevenue": "4248000000",
            "costOfRevenue": "3452000000",
            "costofGoodsAndServicesSold": "2681000000",
            "operatingIncome": "669000000",
            "sellingGeneralAndAdministrative": "706000000",
            "researchAndDevelopment": "None",
            "operatingExpenses": "771000000",
            "investmentIncomeNet": "43000000",
            "netInterestIncome": "-7000000",
            "interestIncome": "43000000",
            "interestExpense": "7000000",
            "nonInterestIncome": "4201000000",
            "otherNonOperatingIncome": "0",
            "depreciation": "None",
            "depreciationAndAmortization": "127000000",
            "incomeBeforeTax": "657000000",
            "incomeTaxExpense": "160000000",
            "interestAndDebtExpense": "7000000",
            "netIncomeFromContinuingOperations": "497000000",
            "comprehensiveIncomeNetOfTax": "408000000",
            "ebit": "664000000",
            "ebitda": "791000000",
            "netIncome": "497000000"
        },
        {
            "fiscalDateEnding": "2019-06-30",
            "reportedCurrency": "USD",
            "grossProfit": "744000000",
            "totalRevenue": "4141000000",
            "costOfRevenue": "3397000000",
            "costofGoodsAndServicesSold": "2629000000",
            "operatingIncome": "619000000",
            "sellingGeneralAndAdministrative": "719000000",
            "researchAndDevelopment": "None",
            "operatingExpenses": "768000000",
            "investmentIncomeNet": "45000000",
            "netInterestIncome": "-6000000",
            "interestIncome": "45000000",
            "interestExpense": "6000000",
            "nonInterestIncome": "4157000000",
            "otherNonOperatingIncome": "2000000",
            "depreciation": "None",
            "depreciationAndAmortization": "125000000",
            "incomeBeforeTax": "676000000",
            "incomeTaxExpense": "167000000",
            "interestAndDebtExpense": "6000000",
            "netIncomeFromContinuingOperations": "509000000",
            "comprehensiveIncomeNetOfTax": "513000000",
            "ebit": "682000000",
            "ebitda": "807000000",
            "netIncome": "509000000"
        },
        {
            "fiscalDateEnding": "2019-03-31",
            "reportedCurrency": "USD",
            "grossProfit": "3237000000",
            "totalRevenue": "4110000000",
            "costOfRevenue": "873000000",
            "costofGoodsAndServicesSold": "2575000000",
            "operatingIncome": "539000000",
            "sellingGeneralAndAdministrative": "871000000",
            "researchAndDevelopment": "None",
            "operatingExpenses": "887000000",
            "investmentIncomeNet": "48000000",
            "netInterestIncome": "-7000000",
            "interestIncome": "43000000",
            "interestExpense": "7000000",
            "nonInterestIncome": "4112000000",
            "otherNonOperatingIncome": "1000000",
            "depreciation": "None",
            "depreciationAndAmortization": "123000000",
            "incomeBeforeTax": "583000000",
            "incomeTaxExpense": "142000000",
            "interestAndDebtExpense": "7000000",
            "netIncomeFromContinuingOperations": "441000000",
            "comprehensiveIncomeNetOfTax": "481000000",
            "ebit": "590000000",
            "ebitda": "713000000",
            "netIncome": "441000000"
        },
        {
            "fiscalDateEnding": "2018-12-31",
            "reportedCurrency": "USD",
            "grossProfit": "3353000000",
            "totalRevenue": "4129000000",
            "costOfRevenue": "776000000",
            "costofGoodsAndServicesSold": "2540000000",
            "operatingIncome": "693000000",
            "sellingGeneralAndAdministrative": "769000000",
            "researchAndDevelopment": "None",
            "operatingExpenses": "776000000",
            "investmentIncomeNet": "49000000",
            "netInterestIncome": "-8000000",
            "interestIncome": "None",
            "interestExpense": "8000000",
            "nonInterestIncome": "4210000000",
            "otherNonOperatingIncome": "0",
            "depreciation": "None",
            "depreciationAndAmortization": "120000000",
            "incomeBeforeTax": "816000000",
            "incomeTaxExpense": "168000000",
            "interestAndDebtExpense": "8000000",
            "netIncomeFromContinuingOperations": "693000000",
            "comprehensiveIncomeNetOfTax": "722000000",
            "ebit": "824000000",
            "ebitda": "944000000",
            "netIncome": "648000000"
        },
        {
            "fiscalDateEnding": "2018-09-30",
            "reportedCurrency": "USD",
            "grossProfit": "7294000000",
            "totalRevenue": "4078000000",
            "costOfRevenue": "734000000",
            "costofGoodsAndServicesSold": "2480000000",
            "operatingIncome": "745000000",
            "sellingGeneralAndAdministrative": "723000000",
            "researchAndDevelopment": "None",
            "operatingExpenses": "734000000",
            "investmentIncomeNet": "47000000",
            "netInterestIncome": "-6000000",
            "interestIncome": "None",
            "interestExpense": "6000000",
            "nonInterestIncome": "3956000000",
            "otherNonOperatingIncome": "-2000000",
            "depreciation": "None",
            "depreciationAndAmortization": "119000000",
            "incomeBeforeTax": "662000000",
            "incomeTaxExpense": "185000000",
            "interestAndDebtExpense": "6000000",
            "netIncomeFromContinuingOperations": "477000000",
            "comprehensiveIncomeNetOfTax": "383000000",
            "ebit": "668000000",
            "ebitda": "787000000",
            "netIncome": "477000000"
        },
        {
            "fiscalDateEnding": "2018-06-30",
            "reportedCurrency": "USD",
            "grossProfit": "7120000000",
            "totalRevenue": "4006000000",
            "costOfRevenue": "805000000",
            "costofGoodsAndServicesSold": "2417000000",
            "operatingIncome": "670000000",
            "sellingGeneralAndAdministrative": "805000000",
            "researchAndDevelopment": "None",
            "operatingExpenses": "805000000",
            "investmentIncomeNet": "40000000",
            "netInterestIncome": "-7000000",
            "interestIncome": "None",
            "interestExpense": "7000000",
            "nonInterestIncome": "3926000000",
            "otherNonOperatingIncome": "0",
            "depreciation": "None",
            "depreciationAndAmortization": "114000000",
            "incomeBeforeTax": "624000000",
            "incomeTaxExpense": "168000000",
            "interestAndDebtExpense": "7000000",
            "netIncomeFromContinuingOperations": "456000000",
            "comprehensiveIncomeNetOfTax": "299000000",
            "ebit": "631000000",
            "ebitda": "745000000",
            "netIncome": "456000000"
        },
        {
            "fiscalDateEnding": "2018-03-31",
            "reportedCurrency": "USD",
            "grossProfit": "7076000000",
            "totalRevenue": "3912000000",
            "costOfRevenue": "711000000",
            "costofGoodsAndServicesSold": "2401000000",
            "operatingIncome": "693000000",
            "sellingGeneralAndAdministrative": "710000000",
            "researchAndDevelopment": "None",
            "operatingExpenses": "713000000",
            "investmentIncomeNet": "41000000",
            "netInterestIncome": "-6000000",
            "interestIncome": "None",
            "interestExpense": "6000000",
            "nonInterestIncome": "3881000000",
            "otherNonOperatingIncome": "0",
            "depreciation": "None",
            "depreciationAndAmortization": "107000000",
            "incomeBeforeTax": "697000000",
            "incomeTaxExpense": "177000000",
            "interestAndDebtExpense": "6000000",
            "netIncomeFromContinuingOperations": "520000000",
            "comprehensiveIncomeNetOfTax": "514000000",
            "ebit": "703000000",
            "ebitda": "810000000",
            "netIncome": "520000000"
        }
    ]
}