{
    "symbol": "CVS",
    "annualReports": [
        {
            "fiscalDateEnding": "2022-12-31",
            "reportedCurrency": "USD",
            "grossProfit": "-22599000000",
            "totalRevenue": "322467000000",
            "costOfRevenue": "345066000000",
            "costofGoodsAndServicesSold": "196892000000",
            "operatingIncome": "7746000000",
            "sellingGeneralAndAdministrative": "1192000000",
            "researchAndDevelopment": "None",
            "operatingExpenses": "10940000000",
            "investmentIncomeNet": "838000000",
            "netInterestIncome": "-2287000000",
            "interestIncome": "2287000000",
            "interestExpense": "2287000000",
            "nonInterestIncome": "85805000000",
            "otherNonOperatingIncome": "169000000",
            "depreciation": "2400000000",
            "depreciationAndAmortization": "1887000000",
            "incomeBeforeTax": "5612000000",
            "incomeTaxExpense": "1463000000",
            "interestAndDebtExpense": "2287000000",
            "netIncomeFromContinuingOperations": "4149000000",
            "comprehensiveIncomeNetOfTax": "1719000000",
            "ebit": "7899000000",
            "ebitda": "9786000000",
            "netIncome": "4149000000"
        },
        {
            "fiscalDateEnding": "2021-12-31",
            "reportedCurrency": "USD",
            "grossProfit": "-16144000000",
            "totalRevenue": "292111000000",
            "costOfRevenue": "308255000000",
            "costofGoodsAndServicesSold": "175803000000",
            "operatingIncome": "13193000000",
            "sellingGeneralAndAdministrative": "1007000000",
            "researchAndDevelopment": "None",
            "operatingExpenses": "3932000000",
            "investmentIncomeNet": "1199000000",
            "netInterestIncome": "-2503000000",
            "interestIncome": "2503000000",
            "interestExpense": "2503000000",
            "nonInterestIncome": "75680000000",
            "otherNonOperatingIncome": "182000000",
            "depreciation": "2300000000",
            "depreciationAndAmortization": "2362000000",
            "incomeBeforeTax": "10432000000",
            "incomeTaxExpense": "2522000000",
            "interestAndDebtExpense": "2955000000",
            "netIncomeFromContinuingOperations": "7910000000",
            "comprehensiveIncomeNetOfTax": "7461000000",
            "ebit": "12935000000",
            "ebitda": "15297000000",
            "netIncome": "7910000000"
        },
        {
            "fiscalDateEnding": "2020-12-31",
            "reportedCurrency": "USD",
            "grossProfit": "-10182000000",
            "totalRevenue": "268706000000",
            "costOfRevenue": "278888000000",
            "costofGoodsAndServicesSold": "163981000000",
            "operatingIncome": "13911000000",
            "sellingGeneralAndAdministrative": "861000000",
            "researchAndDevelopment": "None",
            "operatingExpenses": "3277000000",
            "investmentIncomeNet": "798000000",
            "netInterestIncome": "0",
            "interestIncome": "2907000000",
            "interestExpense": "2907000000",
            "nonInterestIncome": "68193000000",
            "otherNonOperatingIncome": "206000000",
            "depreciation": "2100000000",
            "depreciationAndAmortization": "2356000000",
            "incomeBeforeTax": "9748000000",
            "incomeTaxExpense": "2569000000",
            "interestAndDebtExpense": "4347000000",
            "netIncomeFromContinuingOperations": "7188000000",
            "comprehensiveIncomeNetOfTax": "7574000000",
            "ebit": "12655000000",
            "ebitda": "15011000000",
            "netIncome": "7179000000"
        },
        {
            "fiscalDateEnding": "2019-12-31",
            "reportedCurrency": "USD",
            "grossProfit": "-10768000000",
            "totalRevenue": "256776000000",
            "costOfRevenue": "267544000000",
            "costofGoodsAndServicesSold": "158719000000",
            "operatingIncome": "11987000000",
            "sellingGeneralAndAdministrative": "849000000",
            "researchAndDevelopment": "None",
            "operatingExpenses": "33541000000",
            "investmentIncomeNet": "1011000000",
            "netInterestIncome": "0",
            "interestIncome": "3035000000",
            "interestExpense": "3035000000",
            "nonInterestIncome": "63248000000",
            "otherNonOperatingIncome": "124000000",
            "depreciation": "1900000000",
            "depreciationAndAmortization": "2438000000",
            "incomeBeforeTax": "9000000000",
            "incomeTaxExpense": "2366000000",
            "interestAndDebtExpense": "3114000000",
            "netIncomeFromContinuingOperations": "6629000000",
            "comprehensiveIncomeNetOfTax": "7551000000",
            "ebit": "12035000000",
            "ebitda": "14473000000",
            "netIncome": "6634000000"
        },
        {
            "fiscalDateEnding": "2018-12-31",
            "reportedCurrency": "USD",
            "grossProfit": "14616000000",
            "totalRevenue": "194579000000",
            "costOfRevenue": "179963000000",
            "costofGoodsAndServicesSold": "156447000000",
            "operatingIncome": "4021000000",
            "sellingGeneralAndAdministrative": "3179000000",
            "researchAndDevelopment": "None",
            "operatingExpenses": "21368000000",
            "investmentIncomeNet": "660000000",
            "netInterestIncome": "-536000000",
            "interestIncome": "2083000000",
            "interestExpense": "2619000000",
            "nonInterestIncome": "202103000000",
            "otherNonOperatingIncome": "4000000",
            "depreciation": "1700000000",
            "depreciationAndAmortization": "1000000000",
            "incomeBeforeTax": "1408000000",
            "incomeTaxExpense": "2002000000",
            "interestAndDebtExpense": "2619000000",
            "netIncomeFromContinuingOperations": "-597000000",
            "comprehensiveIncomeNetOfTax": "-320000000",
            "ebit": "4027000000",
            "ebitda": "5027000000",
            "netIncome": "-594000000"
        }
    ],
    "quarterlyReports": [
        {
            "fiscalDateEnding": "2022-12-31",
            "reportedCurrency": "USD",
            "grossProfit": "-112137000000",
            "totalRevenue": "83846000000",
            "costOfRevenue": "195983000000",
            "costofGoodsAndServicesSold": "51728000000",
            "operatingIncome": "3618000000",
            "sellingGeneralAndAdministrative": "None",
            "researchAndDevelopment": "None",
            "operatingExpenses": "1542000000",
            "investmentIncomeNet": "323000000",
            "netInterestIncome": "-552000000",
            "interestIncome": "552000000",
            "interestExpense": "552000000",
            "nonInterestIncome": "21686000000",
            "otherNonOperatingIncome": "43000000",
            "depreciation": "None",
            "depreciationAndAmortization": "489000000",
            "incomeBeforeTax": "3111000000",
            "incomeTaxExpense": "809000000",
            "interestAndDebtExpense": "552000000",
            "netIncomeFromContinuingOperations": "2284000000",
            "comprehensiveIncomeNetOfTax": "2446000000",
            "ebit": "3663000000",
            "ebitda": "4152000000",
            "netIncome": "2302000000"
        },
        {
            "fiscalDateEnding": "2022-09-30",
            "reportedCurrency": "USD",
            "grossProfit": "27850000000",
            "totalRevenue": "81159000000",
            "costOfRevenue": "53309000000",
            "costofGoodsAndServicesSold": "50365000000",
            "operatingIncome": "-3931000000",
            "sellingGeneralAndAdministrative": "None",
            "researchAndDevelopment": "None",
            "operatingExpenses": "8164000000",
            "investmentIncomeNet": "201000000",
            "netInterestIncome": "-566000000",
            "interestIncome": "566000000",
            "interestExpense": "566000000",
            "nonInterestIncome": "21003000000",
            "otherNonOperatingIncome": "41000000",
            "depreciation": "None",
            "depreciationAndAmortization": "464000000",
            "incomeBeforeTax": "-4463000000",
            "incomeTaxExpense": "-1047000000",
            "interestAndDebtExpense": "566000000",
            "netIncomeFromContinuingOperations": "-3409000000",
            "comprehensiveIncomeNetOfTax": "-4037000000",
            "ebit": "-3897000000",
            "ebitda": "-3433000000",
            "netIncome": "-3416000000"
        },
        {
            "fiscalDateEnding": "2022-06-30",
            "reportedCurrency": "USD",
            "grossProfit": "30880000000",
            "totalRevenue": "80636000000",
            "costOfRevenue": "49756000000",
            "costofGoodsAndServicesSold": "49290000000",
            "operatingIncome": "4569000000",
            "sellingGeneralAndAdministrative": "None",
            "researchAndDevelopment": "None",
            "operatingExpenses": "9171000000",
            "investmentIncomeNet": "146000000",
            "netInterestIncome": "-583000000",
            "interestIncome": "583000000",
            "interestExpense": "583000000",
            "nonInterestIncome": "21485000000",
            "otherNonOperatingIncome": "43000000",
            "depreciation": "None",
            "depreciationAndAmortization": "466000000",
            "incomeBeforeTax": "4019000000",
            "incomeTaxExpense": "1068000000",
            "interestAndDebtExpense": "583000000",
            "netIncomeFromContinuingOperations": "2961000000",
            "comprehensiveIncomeNetOfTax": "2153000000",
            "ebit": "4602000000",
            "ebitda": "5068000000",
            "netIncome": "2951000000"
        },
        {
            "fiscalDateEnding": "2022-03-31",
            "reportedCurrency": "USD",
            "grossProfit": "30808000000",
            "totalRevenue": "76826000000",
            "costOfRevenue": "46018000000",
            "costofGoodsAndServicesSold": "45509000000",
            "operatingIncome": "3490000000",
            "sellingGeneralAndAdministrative": "None",
            "researchAndDevelopment": "None",
            "operatingExpenses": "9876000000",
            "investmentIncomeNet": "168000000",
            "netInterestIncome": "-586000000",
            "interestIncome": "586000000",
            "interestExpense": "586000000",
            "nonInterestIncome": "21631000000",
            "otherNonOperatingIncome": "42000000",
            "depreciation": "None",
            "depreciationAndAmortization": "468000000",
            "incomeBeforeTax": "2945000000",
            "incomeTaxExpense": "633000000",
            "interestAndDebtExpense": "586000000",
            "netIncomeFromContinuingOperations": "2313000000",
            "comprehensiveIncomeNetOfTax": "1157000000",
            "ebit": "3531000000",
            "ebitda": "3999000000",
            "netIncome": "2312000000"
        },
        {
            "fiscalDateEnding": "2021-12-31",
            "reportedCurrency": "USD",
            "grossProfit": "-99964000000",
            "totalRevenue": "76604000000",
            "costOfRevenue": "176568000000",
            "costofGoodsAndServicesSold": "46378000000",
            "operatingIncome": "2229000000",
            "sellingGeneralAndAdministrative": "10034000000",
            "researchAndDevelopment": "None",
            "operatingExpenses": "1670000000",
            "investmentIncomeNet": "367000000",
            "netInterestIncome": "-608000000",
            "interestIncome": "608000000",
            "interestExpense": "608000000",
            "nonInterestIncome": "19116000000",
            "otherNonOperatingIncome": "38000000",
            "depreciation": "None",
            "depreciationAndAmortization": "632000000",
            "incomeBeforeTax": "1580000000",
            "incomeTaxExpense": "274000000",
            "interestAndDebtExpense": "697000000",
            "netIncomeFromContinuingOperations": "1308000000",
            "comprehensiveIncomeNetOfTax": "1194000000",
            "ebit": "2188000000",
            "ebitda": "2820000000",
            "netIncome": "1306000000"
        },
        {
            "fiscalDateEnding": "2021-09-30",
            "reportedCurrency": "USD",
            "grossProfit": "27771000000",
            "totalRevenue": "73794000000",
            "costOfRevenue": "46023000000",
            "costofGoodsAndServicesSold": "45011000000",
            "operatingIncome": "3061000000",
            "sellingGeneralAndAdministrative": "9190000000",
            "researchAndDevelopment": "None",
            "operatingExpenses": "1012000000",
            "investmentIncomeNet": "246000000",
            "netInterestIncome": "-602000000",
            "interestIncome": "602000000",
            "interestExpense": "602000000",
            "nonInterestIncome": "18621000000",
            "otherNonOperatingIncome": "49000000",
            "depreciation": "None",
            "depreciationAndAmortization": "561000000",
            "incomeBeforeTax": "2156000000",
            "incomeTaxExpense": "558000000",
            "interestAndDebtExpense": "965000000",
            "netIncomeFromContinuingOperations": "1587000000",
            "comprehensiveIncomeNetOfTax": "1505000000",
            "ebit": "2758000000",
            "ebitda": "3319000000",
            "netIncome": "1598000000"
        },
        {
            "fiscalDateEnding": "2021-06-30",
            "reportedCurrency": "USD",
            "grossProfit": "28474000000",
            "totalRevenue": "72616000000",
            "costOfRevenue": "44142000000",
            "costofGoodsAndServicesSold": "43520000000",
            "operatingIncome": "4326000000",
            "sellingGeneralAndAdministrative": "8829000000",
            "researchAndDevelopment": "None",
            "operatingExpenses": "8869000000",
            "investmentIncomeNet": "289000000",
            "netInterestIncome": "-636000000",
            "interestIncome": "636000000",
            "interestExpense": "636000000",
            "nonInterestIncome": "18983000000",
            "otherNonOperatingIncome": "45000000",
            "depreciation": "None",
            "depreciationAndAmortization": "582000000",
            "incomeBeforeTax": "3727000000",
            "incomeTaxExpense": "944000000",
            "interestAndDebtExpense": "636000000",
            "netIncomeFromContinuingOperations": "2791000000",
            "comprehensiveIncomeNetOfTax": "2931000000",
            "ebit": "4363000000",
            "ebitda": "4945000000",
            "netIncome": "2783000000"
        },
        {
            "fiscalDateEnding": "2021-03-31",
            "reportedCurrency": "USD",
            "grossProfit": "27575000000",
            "totalRevenue": "69097000000",
            "costOfRevenue": "41522000000",
            "costofGoodsAndServicesSold": "40894000000",
            "operatingIncome": "3577000000",
            "sellingGeneralAndAdministrative": "8881000000",
            "researchAndDevelopment": "None",
            "operatingExpenses": "8922000000",
            "investmentIncomeNet": "297000000",
            "netInterestIncome": "-657000000",
            "interestIncome": "657000000",
            "interestExpense": "657000000",
            "nonInterestIncome": "18960000000",
            "otherNonOperatingIncome": "50000000",
            "depreciation": "None",
            "depreciationAndAmortization": "587000000",
            "incomeBeforeTax": "2969000000",
            "incomeTaxExpense": "746000000",
            "interestAndDebtExpense": "657000000",
            "netIncomeFromContinuingOperations": "2224000000",
            "comprehensiveIncomeNetOfTax": "1831000000",
            "ebit": "3626000000",
            "ebitda": "4213000000",
            "netIncome": "2223000000"
        },
        {
            "fiscalDateEnding": "2020-12-31",
            "reportedCurrency": "USD",
            "grossProfit": "-85858000000",
            "totalRevenue": "69554000000",
            "costOfRevenue": "155412000000",
            "costofGoodsAndServicesSold": "42452000000",
            "operatingIncome": "2524000000",
            "sellingGeneralAndAdministrative": "9295000000",
            "researchAndDevelopment": "None",
            "operatingExpenses": "-22425000000",
            "investmentIncomeNet": "248000000",
            "netInterestIncome": "2229000000",
            "interestIncome": "2907000000",
            "interestExpense": "678000000",
            "nonInterestIncome": "16939000000",
            "otherNonOperatingIncome": "53000000",
            "depreciation": "None",
            "depreciationAndAmortization": "605000000",
            "incomeBeforeTax": "1214000000",
            "incomeTaxExpense": "241000000",
            "interestAndDebtExpense": "1352000000",
            "netIncomeFromContinuingOperations": "971000000",
            "comprehensiveIncomeNetOfTax": "1132000000",
            "ebit": "1892000000",
            "ebitda": "2497000000",
            "netIncome": "973000000"
        },
        {
            "fiscalDateEnding": "2020-09-30",
            "reportedCurrency": "USD",
            "grossProfit": "25472000000",
            "totalRevenue": "67056000000",
            "costOfRevenue": "41584000000",
            "costofGoodsAndServicesSold": "40940000000",
            "operatingIncome": "3249000000",
            "sellingGeneralAndAdministrative": "8685000000",
            "researchAndDevelopment": "None",
            "operatingExpenses": "8471000000",
            "investmentIncomeNet": "204000000",
            "netInterestIncome": "-731000000",
            "interestIncome": "731000000",
            "interestExpense": "731000000",
            "nonInterestIncome": "16687000000",
            "otherNonOperatingIncome": "54000000",
            "depreciation": "None",
            "depreciationAndAmortization": "587000000",
            "incomeBeforeTax": "1811000000",
            "incomeTaxExpense": "587000000",
            "interestAndDebtExpense": "1497000000",
            "netIncomeFromContinuingOperations": "1219000000",
            "comprehensiveIncomeNetOfTax": "1266000000",
            "ebit": "2542000000",
            "ebitda": "3129000000",
            "netIncome": "1224000000"
        },
        {
            "fiscalDateEnding": "2020-06-30",
            "reportedCurrency": "USD",
            "grossProfit": "24451000000",
            "totalRevenue": "65341000000",
            "costOfRevenue": "40890000000",
            "costofGoodsAndServicesSold": "40242000000",
            "operatingIncome": "4680000000",
            "sellingGeneralAndAdministrative": "8598000000",
            "researchAndDevelopment": "None",
            "operatingExpenses": "8668000000",
            "investmentIncomeNet": "184000000",
            "netInterestIncome": "-765000000",
            "interestIncome": "765000000",
            "interestExpense": "765000000",
            "nonInterestIncome": "16927000000",
            "otherNonOperatingIncome": "45000000",
            "depreciation": "None",
            "depreciationAndAmortization": "578000000",
            "incomeBeforeTax": "3949000000",
            "incomeTaxExpense": "974000000",
            "interestAndDebtExpense": "765000000",
            "netIncomeFromContinuingOperations": "2986000000",
            "comprehensiveIncomeNetOfTax": "3501000000",
            "ebit": "4714000000",
            "ebitda": "5292000000",
            "netIncome": "2975000000"
        },
        {
            "fiscalDateEnding": "2020-03-31",
            "reportedCurrency": "USD",
            "grossProfit": "25753000000",
            "totalRevenue": "66755000000",
            "costOfRevenue": "41002000000",
            "costofGoodsAndServicesSold": "40347000000",
            "operatingIncome": "3458000000",
            "sellingGeneralAndAdministrative": "8494000000",
            "researchAndDevelopment": "None",
            "operatingExpenses": "8563000000",
            "investmentIncomeNet": "162000000",
            "netInterestIncome": "-733000000",
            "interestIncome": "733000000",
            "interestExpense": "733000000",
            "nonInterestIncome": "17640000000",
            "otherNonOperatingIncome": "54000000",
            "depreciation": "None",
            "depreciationAndAmortization": "586000000",
            "incomeBeforeTax": "2774000000",
            "incomeTaxExpense": "767000000",
            "interestAndDebtExpense": "733000000",
            "netIncomeFromContinuingOperations": "2012000000",
            "comprehensiveIncomeNetOfTax": "1675000000",
            "ebit": "3507000000",
            "ebitda": "4093000000",
            "netIncome": "2007000000"
        },
        {
            "fiscalDateEnding": "2019-12-31",
            "reportedCurrency": "USD",
            "grossProfit": "66889000000",
            "totalRevenue": "66889000000",
            "costOfRevenue": "148676000000",
            "costofGoodsAndServicesSold": "42065000000",
            "operatingIncome": "3037000000",
            "sellingGeneralAndAdministrative": "8394000000",
            "researchAndDevelopment": "None",
            "operatingExpenses": "8654000000",
            "investmentIncomeNet": "206000000",
            "netInterestIncome": "2301000000",
            "interestIncome": "3035000000",
            "interestExpense": "734000000",
            "nonInterestIncome": "-125550000000",
            "otherNonOperatingIncome": "31000000",
            "depreciation": "None",
            "depreciationAndAmortization": "589000000",
            "incomeBeforeTax": "2337000000",
            "incomeTaxExpense": "590000000",
            "interestAndDebtExpense": "734000000",
            "netIncomeFromContinuingOperations": "1745000000",
            "comprehensiveIncomeNetOfTax": "1816000000",
            "ebit": "3071000000",
            "ebitda": "3660000000",
            "netIncome": "1747000000"
        },
        {
            "fiscalDateEnding": "2019-09-30",
            "reportedCurrency": "USD",
            "grossProfit": "23646000000",
            "totalRevenue": "64810000000",
            "costOfRevenue": "41164000000",
            "costofGoodsAndServicesSold": "40437000000",
            "operatingIncome": "2928000000",
            "sellingGeneralAndAdministrative": "8550000000",
            "researchAndDevelopment": "None",
            "operatingExpenses": "8595000000",
            "investmentIncomeNet": "263000000",
            "netInterestIncome": "-747000000",
            "interestIncome": "747000000",
            "interestExpense": "747000000",
            "nonInterestIncome": "64263000000",
            "otherNonOperatingIncome": "31000000",
            "depreciation": "None",
            "depreciationAndAmortization": "616000000",
            "incomeBeforeTax": "2134000000",
            "incomeTaxExpense": "604000000",
            "interestAndDebtExpense": "826000000",
            "netIncomeFromContinuingOperations": "1530000000",
            "comprehensiveIncomeNetOfTax": "1796000000",
            "ebit": "2881000000",
            "ebitda": "3497000000",
            "netIncome": "1530000000"
        },
        {
            "fiscalDateEnding": "2019-06-30",
            "reportedCurrency": "USD",
            "grossProfit": "23753000000",
            "totalRevenue": "63431000000",
            "costOfRevenue": "39678000000",
            "costofGoodsAndServicesSold": "38970000000",
            "operatingIncome": "3332000000",
            "sellingGeneralAndAdministrative": "7975000000",
            "researchAndDevelopment": "None",
            "operatingExpenses": "8042000000",
            "investmentIncomeNet": "293000000",
            "netInterestIncome": "0",
            "interestIncome": "772000000",
            "interestExpense": "772000000",
            "nonInterestIncome": "63138000000",
            "otherNonOperatingIncome": "31000000",
            "depreciation": "None",
            "depreciationAndAmortization": "602000000",
            "incomeBeforeTax": "2596000000",
            "incomeTaxExpense": "660000000",
            "interestAndDebtExpense": "772000000",
            "netIncomeFromContinuingOperations": "1935000000",
            "comprehensiveIncomeNetOfTax": "2187000000",
            "ebit": "3368000000",
            "ebitda": "3970000000",
            "netIncome": "1936000000"
        },
        {
            "fiscalDateEnding": "2019-03-31",
            "reportedCurrency": "USD",
            "grossProfit": "23629000000",
            "totalRevenue": "61646000000",
            "costOfRevenue": "38017000000",
            "costofGoodsAndServicesSold": "37247000000",
            "operatingIncome": "2690000000",
            "sellingGeneralAndAdministrative": "8142000000",
            "researchAndDevelopment": "None",
            "operatingExpenses": "8250000000",
            "investmentIncomeNet": "249000000",
            "netInterestIncome": "0",
            "interestIncome": "782000000",
            "interestExpense": "782000000",
            "nonInterestIncome": "61397000000",
            "otherNonOperatingIncome": "31000000",
            "depreciation": "None",
            "depreciationAndAmortization": "622000000",
            "incomeBeforeTax": "1933000000",
            "incomeTaxExpense": "512000000",
            "interestAndDebtExpense": "782000000",
            "netIncomeFromContinuingOperations": "1419000000",
            "comprehensiveIncomeNetOfTax": "1752000000",
            "ebit": "2715000000",
            "ebitda": "3337000000",
            "netIncome": "1421000000"
        },
        {
            "fiscalDateEnding": "2018-12-31",
            "reportedCurrency": "USD",
            "grossProfit": "54424000000",
            "totalRevenue": "54424000000",
            "costOfRevenue": "57588000000",
            "costofGoodsAndServicesSold": "40564000000",
            "operatingIncome": "824000000",
            "sellingGeneralAndAdministrative": "3007000000",
            "researchAndDevelopment": "None",
            "operatingExpenses": "6613000000",
            "investmentIncomeNet": "175000000",
            "netInterestIncome": "865000000",
            "interestIncome": "1598000000",
            "interestExpense": "733000000",
            "nonInterestIncome": "62433000000",
            "otherNonOperatingIncome": "11000000",
            "depreciation": "None",
            "depreciationAndAmortization": "361000000",
            "incomeBeforeTax": "105000000",
            "incomeTaxExpense": "524000000",
            "interestAndDebtExpense": "733000000",
            "netIncomeFromContinuingOperations": "-420000000",
            "comprehensiveIncomeNetOfTax": "-446000000",
            "ebit": "838000000",
            "ebitda": "1199000000",
            "netIncome": "-419000000"
        },
        {
            "fiscalDateEnding": "2018-09-30",
            "reportedCurrency": "USD",
            "grossProfit": "7328000000",
            "totalRevenue": "47490000000",
            "costOfRevenue": "40162000000",
            "costofGoodsAndServicesSold": "39502000000",
            "operatingIncome": "2574000000",
            "sellingGeneralAndAdministrative": "62000000",
            "researchAndDevelopment": "None",
            "operatingExpenses": "4975000000",
            "investmentIncomeNet": "221000000",
            "netInterestIncome": "-453000000",
            "interestIncome": "221000000",
            "interestExpense": "674000000",
            "nonInterestIncome": "47269000000",
            "otherNonOperatingIncome": "-1000000",
            "depreciation": "None",
            "depreciationAndAmortization": "215000000",
            "incomeBeforeTax": "1899000000",
            "incomeTaxExpense": "509000000",
            "interestAndDebtExpense": "674000000",
            "netIncomeFromContinuingOperations": "1389000000",
            "comprehensiveIncomeNetOfTax": "1378000000",
            "ebit": "2573000000",
            "ebitda": "2788000000",
            "netIncome": "1390000000"
        },
        {
            "fiscalDateEnding": "2018-06-30",
            "reportedCurrency": "USD",
            "grossProfit": "7201000000",
            "totalRevenue": "46922000000",
            "costOfRevenue": "39721000000",
            "costofGoodsAndServicesSold": "38876000000",
            "operatingIncome": "-1373000000",
            "sellingGeneralAndAdministrative": "54000000",
            "researchAndDevelopment": "None",
            "operatingExpenses": "4867000000",
            "investmentIncomeNet": "214000000",
            "netInterestIncome": "202000000",
            "interestIncome": "891000000",
            "interestExpense": "689000000",
            "nonInterestIncome": "46708000000",
            "otherNonOperatingIncome": "-3000000",
            "depreciation": "None",
            "depreciationAndAmortization": "214000000",
            "incomeBeforeTax": "-2066000000",
            "incomeTaxExpense": "497000000",
            "interestAndDebtExpense": "689000000",
            "netIncomeFromContinuingOperations": "-2563000000",
            "comprehensiveIncomeNetOfTax": "-2594000000",
            "ebit": "-1377000000",
            "ebitda": "-1163000000",
            "netIncome": "-2563000000"
        },
        {
            "fiscalDateEnding": "2018-03-31",
            "reportedCurrency": "USD",
            "grossProfit": "6859000000",
            "totalRevenue": "45743000000",
            "costOfRevenue": "38884000000",
            "costofGoodsAndServicesSold": "37505000000",
            "operatingIncome": "1996000000",
            "sellingGeneralAndAdministrative": "56000000",
            "researchAndDevelopment": "None",
            "operatingExpenses": "4913000000",
            "investmentIncomeNet": "50000000",
            "netInterestIncome": "-42000000",
            "interestIncome": "481000000",
            "interestExpense": "523000000",
            "nonInterestIncome": "45693000000",
            "otherNonOperatingIncome": "3000000",
            "depreciation": "None",
            "depreciationAndAmortization": "210000000",
            "incomeBeforeTax": "1470000000",
            "incomeTaxExpense": "472000000",
            "interestAndDebtExpense": "523000000",
            "netIncomeFromContinuingOperations": "996000000",
            "comprehensiveIncomeNetOfTax": "1342000000",
            "ebit": "1993000000",
            "ebitda": "2203000000",
            "netIncome": "998000000"
        }
    ]
}