{
    "symbol": "D",
    "annualReports": [
        {
            "fiscalDateEnding": "2022-12-31",
            "reportedCurrency": "USD",
            "grossProfit": "11105000000",
            "totalRevenue": "17174000000",
            "costOfRevenue": "6069000000",
            "costofGoodsAndServicesSold": "11825000000",
            "operatingIncome": "1596000000",
            "sellingGeneralAndAdministrative": "959000000",
            "researchAndDevelopment": "None",
            "operatingExpenses": "6042000000",
            "investmentIncomeNet": "117000000",
            "netInterestIncome": "-112000000",
            "interestIncome": "1507000000",
            "interestExpense": "112000000",
            "nonInterestIncome": "17284000000",
            "otherNonOperatingIncome": "124000000",
            "depreciation": "None",
            "depreciationAndAmortization": "2830000000",
            "incomeBeforeTax": "1062000000",
            "incomeTaxExpense": "68000000",
            "interestAndDebtExpense": "966000000",
            "netIncomeFromContinuingOperations": "985000000",
            "comprehensiveIncomeNetOfTax": "880000000",
            "ebit": "1596000000",
            "ebitda": "4004000000",
            "netIncome": "994000000"
        },
        {
            "fiscalDateEnding": "2021-12-31",
            "reportedCurrency": "USD",
            "grossProfit": "10116000000",
            "totalRevenue": "13964000000",
            "costOfRevenue": "3848000000",
            "costofGoodsAndServicesSold": "7255000000",
            "operatingIncome": "3019000000",
            "sellingGeneralAndAdministrative": "951000000",
            "researchAndDevelopment": "None",
            "operatingExpenses": "3163000000",
            "investmentIncomeNet": "101000000",
            "netInterestIncome": "-117000000",
            "interestIncome": "372000000",
            "interestExpense": "117000000",
            "nonInterestIncome": "14388000000",
            "otherNonOperatingIncome": "1157000000",
            "depreciation": "None",
            "depreciationAndAmortization": "2478000000",
            "incomeBeforeTax": "3713000000",
            "incomeTaxExpense": "425000000",
            "interestAndDebtExpense": "1354000000",
            "netIncomeFromContinuingOperations": "2647000000",
            "comprehensiveIncomeNetOfTax": "3547000000",
            "ebit": "3019000000",
            "ebitda": "6308000000",
            "netIncome": "3288000000"
        },
        {
            "fiscalDateEnding": "2020-12-31",
            "reportedCurrency": "USD",
            "grossProfit": "8582000000",
            "totalRevenue": "14172000000",
            "costOfRevenue": "5590000000",
            "costofGoodsAndServicesSold": "6870000000",
            "operatingIncome": "2055000000",
            "sellingGeneralAndAdministrative": "935000000",
            "researchAndDevelopment": "None",
            "operatingExpenses": "5527000000",
            "investmentIncomeNet": "107000000",
            "netInterestIncome": "-103000000",
            "interestIncome": "3677000000",
            "interestExpense": "103000000",
            "nonInterestIncome": "11424000000",
            "otherNonOperatingIncome": "693000000",
            "depreciation": "None",
            "depreciationAndAmortization": "2332000000",
            "incomeBeforeTax": "-318000000",
            "incomeTaxExpense": "83000000",
            "interestAndDebtExpense": "1377000000",
            "netIncomeFromContinuingOperations": "1583000000",
            "comprehensiveIncomeNetOfTax": "-325000000",
            "ebit": "2055000000",
            "ebitda": "2117000000",
            "netIncome": "-401000000"
        },
        {
            "fiscalDateEnding": "2019-12-31",
            "reportedCurrency": "USD",
            "grossProfit": "11083000000",
            "totalRevenue": "14401000000",
            "costOfRevenue": "5489000000",
            "costofGoodsAndServicesSold": "8990000000",
            "operatingIncome": "1544000000",
            "sellingGeneralAndAdministrative": "1086000000",
            "researchAndDevelopment": "None",
            "operatingExpenses": "5322000000",
            "investmentIncomeNet": "101000000",
            "netInterestIncome": "-93000000",
            "interestIncome": "1614000000",
            "interestExpense": "93000000",
            "nonInterestIncome": "162000000",
            "otherNonOperatingIncome": "803000000",
            "depreciation": "None",
            "depreciationAndAmortization": "2283000000",
            "incomeBeforeTax": "1567000000",
            "incomeTaxExpense": "209000000",
            "interestAndDebtExpense": "1486000000",
            "netIncomeFromContinuingOperations": "653000000",
            "comprehensiveIncomeNetOfTax": "1265000000",
            "ebit": "1544000000",
            "ebitda": "3943000000",
            "netIncome": "1358000000"
        },
        {
            "fiscalDateEnding": "2018-12-31",
            "reportedCurrency": "USD",
            "grossProfit": "9903000000",
            "totalRevenue": "11199000000",
            "costOfRevenue": "3463000000",
            "costofGoodsAndServicesSold": "7039000000",
            "operatingIncome": "3013000000",
            "sellingGeneralAndAdministrative": "860000000",
            "researchAndDevelopment": "None",
            "operatingExpenses": "2457000000",
            "investmentIncomeNet": "84000000",
            "netInterestIncome": "-134000000",
            "interestIncome": "1296000000",
            "interestExpense": "134000000",
            "nonInterestIncome": "0",
            "otherNonOperatingIncome": "885000000",
            "depreciation": "None",
            "depreciationAndAmortization": "1660000000",
            "incomeBeforeTax": "2969000000",
            "incomeTaxExpense": "522000000",
            "interestAndDebtExpense": "1279000000",
            "netIncomeFromContinuingOperations": "2087000000",
            "comprehensiveIncomeNetOfTax": "2429000000",
            "ebit": "3013000000",
            "ebitda": "4763000000",
            "netIncome": "2447000000"
        }
    ],
    "quarterlyReports": [
        {
            "fiscalDateEnding": "2022-12-31",
            "reportedCurrency": "USD",
            "grossProfit": "1683000000",
            "totalRevenue": "4913000000",
            "costOfRevenue": "3230000000",
            "costofGoodsAndServicesSold": "4133000000",
            "operatingIncome": "-134000000",
            "sellingGeneralAndAdministrative": "240000000",
            "researchAndDevelopment": "None",
            "operatingExpenses": "2622000000",
            "investmentIncomeNet": "None",
            "netInterestIncome": "-416000000",
            "interestIncome": "92000000",
            "interestExpense": "416000000",
            "nonInterestIncome": "4872000000",
            "otherNonOperatingIncome": "295000000",
            "depreciation": "None",
            "depreciationAndAmortization": "710000000",
            "incomeBeforeTax": "-217000000",
            "incomeTaxExpense": "-175000000",
            "interestAndDebtExpense": "416000000",
            "netIncomeFromContinuingOperations": "-36000000",
            "comprehensiveIncomeNetOfTax": "-240000000",
            "ebit": "-134000000",
            "ebitda": "576000000",
            "netIncome": "-42000000"
        },
        {
            "fiscalDateEnding": "2022-09-30",
            "reportedCurrency": "USD",
            "grossProfit": "3428000000",
            "totalRevenue": "4386000000",
            "costOfRevenue": "958000000",
            "costofGoodsAndServicesSold": "2362000000",
            "operatingIncome": "1072000000",
            "sellingGeneralAndAdministrative": "231000000",
            "researchAndDevelopment": "None",
            "operatingExpenses": "931000000",
            "investmentIncomeNet": "None",
            "netInterestIncome": "-329000000",
            "interestIncome": "444000000",
            "interestExpense": "329000000",
            "nonInterestIncome": "4684000000",
            "otherNonOperatingIncome": "70000000",
            "depreciation": "None",
            "depreciationAndAmortization": "727000000",
            "incomeBeforeTax": "902000000",
            "incomeTaxExpense": "124000000",
            "interestAndDebtExpense": "329000000",
            "netIncomeFromContinuingOperations": "781000000",
            "comprehensiveIncomeNetOfTax": "800000000",
            "ebit": "1072000000",
            "ebitda": "1799000000",
            "netIncome": "778000000"
        },
        {
            "fiscalDateEnding": "2022-06-30",
            "reportedCurrency": "USD",
            "grossProfit": "2666000000",
            "totalRevenue": "3596000000",
            "costOfRevenue": "930000000",
            "costofGoodsAndServicesSold": "1933000000",
            "operatingIncome": "-318000000",
            "sellingGeneralAndAdministrative": "235000000",
            "researchAndDevelopment": "None",
            "operatingExpenses": "1566000000",
            "investmentIncomeNet": "None",
            "netInterestIncome": "-47000000",
            "interestIncome": "670000000",
            "interestExpense": "47000000",
            "nonInterestIncome": "3152000000",
            "otherNonOperatingIncome": "-287000000",
            "depreciation": "None",
            "depreciationAndAmortization": "695000000",
            "incomeBeforeTax": "-570000000",
            "incomeTaxExpense": "-117000000",
            "interestAndDebtExpense": "47000000",
            "netIncomeFromContinuingOperations": "-452000000",
            "comprehensiveIncomeNetOfTax": "-413000000",
            "ebit": "-318000000",
            "ebitda": "377000000",
            "netIncome": "-453000000"
        },
        {
            "fiscalDateEnding": "2022-03-31",
            "reportedCurrency": "USD",
            "grossProfit": "3328000000",
            "totalRevenue": "4279000000",
            "costOfRevenue": "951000000",
            "costofGoodsAndServicesSold": "2362000000",
            "operatingIncome": "976000000",
            "sellingGeneralAndAdministrative": "253000000",
            "researchAndDevelopment": "None",
            "operatingExpenses": "951000000",
            "investmentIncomeNet": "None",
            "netInterestIncome": "-174000000",
            "interestIncome": "301000000",
            "interestExpense": "174000000",
            "nonInterestIncome": "4548000000",
            "otherNonOperatingIncome": "46000000",
            "depreciation": "None",
            "depreciationAndAmortization": "698000000",
            "incomeBeforeTax": "947000000",
            "incomeTaxExpense": "236000000",
            "interestAndDebtExpense": "174000000",
            "netIncomeFromContinuingOperations": "692000000",
            "comprehensiveIncomeNetOfTax": "733000000",
            "ebit": "976000000",
            "ebitda": "1674000000",
            "netIncome": "711000000"
        },
        {
            "fiscalDateEnding": "2021-12-31",
            "reportedCurrency": "USD",
            "grossProfit": "2761000000",
            "totalRevenue": "3880000000",
            "costOfRevenue": "1119000000",
            "costofGoodsAndServicesSold": "1982000000",
            "operatingIncome": "937000000",
            "sellingGeneralAndAdministrative": "249000000",
            "researchAndDevelopment": "None",
            "operatingExpenses": "434000000",
            "investmentIncomeNet": "None",
            "netInterestIncome": "-376000000",
            "interestIncome": "119000000",
            "interestExpense": "376000000",
            "nonInterestIncome": "3726000000",
            "otherNonOperatingIncome": "425000000",
            "depreciation": "None",
            "depreciationAndAmortization": "645000000",
            "incomeBeforeTax": "1566000000",
            "incomeTaxExpense": "225000000",
            "interestAndDebtExpense": "376000000",
            "netIncomeFromContinuingOperations": "819000000",
            "comprehensiveIncomeNetOfTax": "1499000000",
            "ebit": "937000000",
            "ebitda": "1582000000",
            "netIncome": "1341000000"
        },
        {
            "fiscalDateEnding": "2021-09-30",
            "reportedCurrency": "USD",
            "grossProfit": "2554000000",
            "totalRevenue": "3176000000",
            "costOfRevenue": "622000000",
            "costofGoodsAndServicesSold": "1713000000",
            "operatingIncome": "841000000",
            "sellingGeneralAndAdministrative": "223000000",
            "researchAndDevelopment": "None",
            "operatingExpenses": "622000000",
            "investmentIncomeNet": "None",
            "netInterestIncome": "-407000000",
            "interestIncome": "364000000",
            "interestExpense": "407000000",
            "nonInterestIncome": "3445000000",
            "otherNonOperatingIncome": "133000000",
            "depreciation": "None",
            "depreciationAndAmortization": "621000000",
            "incomeBeforeTax": "689000000",
            "incomeTaxExpense": "35000000",
            "interestAndDebtExpense": "407000000",
            "netIncomeFromContinuingOperations": "589000000",
            "comprehensiveIncomeNetOfTax": "678000000",
            "ebit": "841000000",
            "ebitda": "1462000000",
            "netIncome": "654000000"
        },
        {
            "fiscalDateEnding": "2021-06-30",
            "reportedCurrency": "USD",
            "grossProfit": "1891000000",
            "totalRevenue": "3038000000",
            "costOfRevenue": "1147000000",
            "costofGoodsAndServicesSold": "1528000000",
            "operatingIncome": "363000000",
            "sellingGeneralAndAdministrative": "222000000",
            "researchAndDevelopment": "None",
            "operatingExpenses": "1147000000",
            "investmentIncomeNet": "None",
            "netInterestIncome": "-518000000",
            "interestIncome": "453000000",
            "interestExpense": "518000000",
            "nonInterestIncome": "3218000000",
            "otherNonOperatingIncome": "312000000",
            "depreciation": "None",
            "depreciationAndAmortization": "604000000",
            "incomeBeforeTax": "238000000",
            "incomeTaxExpense": "-47000000",
            "interestAndDebtExpense": "518000000",
            "netIncomeFromContinuingOperations": "259000000",
            "comprehensiveIncomeNetOfTax": "316000000",
            "ebit": "363000000",
            "ebitda": "967000000",
            "netIncome": "285000000"
        },
        {
            "fiscalDateEnding": "2021-03-31",
            "reportedCurrency": "USD",
            "grossProfit": "2910000000",
            "totalRevenue": "3870000000",
            "costOfRevenue": "960000000",
            "costofGoodsAndServicesSold": "2032000000",
            "operatingIncome": "878000000",
            "sellingGeneralAndAdministrative": "257000000",
            "researchAndDevelopment": "None",
            "operatingExpenses": "960000000",
            "investmentIncomeNet": "None",
            "netInterestIncome": "-53000000",
            "interestIncome": "53000000",
            "interestExpense": "53000000",
            "nonInterestIncome": "4018000000",
            "otherNonOperatingIncome": "287000000",
            "depreciation": "None",
            "depreciationAndAmortization": "608000000",
            "incomeBeforeTax": "1220000000",
            "incomeTaxExpense": "212000000",
            "interestAndDebtExpense": "53000000",
            "netIncomeFromContinuingOperations": "980000000",
            "comprehensiveIncomeNetOfTax": "1054000000",
            "ebit": "878000000",
            "ebitda": "1486000000",
            "netIncome": "1008000000"
        },
        {
            "fiscalDateEnding": "2020-12-31",
            "reportedCurrency": "USD",
            "grossProfit": "3521000000",
            "totalRevenue": "3521000000",
            "costOfRevenue": "1213000000",
            "costofGoodsAndServicesSold": "1795000000",
            "operatingIncome": "856000000",
            "sellingGeneralAndAdministrative": "272000000",
            "researchAndDevelopment": "None",
            "operatingExpenses": "1150000000",
            "investmentIncomeNet": "None",
            "netInterestIncome": "-241000000",
            "interestIncome": "241000000",
            "interestExpense": "241000000",
            "nonInterestIncome": "3444000000",
            "otherNonOperatingIncome": "366000000",
            "depreciation": "None",
            "depreciationAndAmortization": "581000000",
            "incomeBeforeTax": "888000000",
            "incomeTaxExpense": "206000000",
            "interestAndDebtExpense": "241000000",
            "netIncomeFromContinuingOperations": "816000000",
            "comprehensiveIncomeNetOfTax": "981000000",
            "ebit": "856000000",
            "ebitda": "1437000000",
            "netIncome": "682000000"
        },
        {
            "fiscalDateEnding": "2020-09-30",
            "reportedCurrency": "USD",
            "grossProfit": "1658000000",
            "totalRevenue": "3607000000",
            "costOfRevenue": "1949000000",
            "costofGoodsAndServicesSold": "1631000000",
            "operatingIncome": "27000000",
            "sellingGeneralAndAdministrative": "203000000",
            "researchAndDevelopment": "None",
            "operatingExpenses": "1949000000",
            "investmentIncomeNet": "None",
            "netInterestIncome": "-306000000",
            "interestIncome": "378000000",
            "interestExpense": "306000000",
            "nonInterestIncome": "3551000000",
            "otherNonOperatingIncome": "286000000",
            "depreciation": "None",
            "depreciationAndAmortization": "595000000",
            "incomeBeforeTax": "246000000",
            "incomeTaxExpense": "-110000000",
            "interestAndDebtExpense": "306000000",
            "netIncomeFromContinuingOperations": "369000000",
            "comprehensiveIncomeNetOfTax": "320000000",
            "ebit": "27000000",
            "ebitda": "622000000",
            "netIncome": "356000000"
        },
        {
            "fiscalDateEnding": "2020-06-30",
            "reportedCurrency": "USD",
            "grossProfit": "2125000000",
            "totalRevenue": "3106000000",
            "costOfRevenue": "1460000000",
            "costofGoodsAndServicesSold": "1585000000",
            "operatingIncome": "804000000",
            "sellingGeneralAndAdministrative": "256000000",
            "researchAndDevelopment": "None",
            "operatingExpenses": "1460000000",
            "investmentIncomeNet": "None",
            "netInterestIncome": "-449000000",
            "interestIncome": "2730000000",
            "interestExpense": "449000000",
            "nonInterestIncome": "3475000000",
            "otherNonOperatingIncome": "498000000",
            "depreciation": "None",
            "depreciationAndAmortization": "578000000",
            "incomeBeforeTax": "-1132000000",
            "incomeTaxExpense": "37000000",
            "interestAndDebtExpense": "398000000",
            "netIncomeFromContinuingOperations": "863000000",
            "comprehensiveIncomeNetOfTax": "-1131000000",
            "ebit": "804000000",
            "ebitda": "1382000000",
            "netIncome": "-1169000000"
        },
        {
            "fiscalDateEnding": "2020-03-31",
            "reportedCurrency": "USD",
            "grossProfit": "2771000000",
            "totalRevenue": "3938000000",
            "costOfRevenue": "1725000000",
            "costofGoodsAndServicesSold": "2140000000",
            "operatingIncome": "368000000",
            "sellingGeneralAndAdministrative": "284000000",
            "researchAndDevelopment": "None",
            "operatingExpenses": "1725000000",
            "investmentIncomeNet": "None",
            "netInterestIncome": "-490000000",
            "interestIncome": "490000000",
            "interestExpense": "490000000",
            "nonInterestIncome": "4309000000",
            "otherNonOperatingIncome": "-454000000",
            "depreciation": "None",
            "depreciationAndAmortization": "578000000",
            "incomeBeforeTax": "-320000000",
            "incomeTaxExpense": "-50000000",
            "interestAndDebtExpense": "432000000",
            "netIncomeFromContinuingOperations": "-466000000",
            "comprehensiveIncomeNetOfTax": "-495000000",
            "ebit": "368000000",
            "ebitda": "946000000",
            "netIncome": "-270000000"
        },
        {
            "fiscalDateEnding": "2019-12-31",
            "reportedCurrency": "USD",
            "grossProfit": "4475000000",
            "totalRevenue": "3895000000",
            "costOfRevenue": "1407000000",
            "costofGoodsAndServicesSold": "2228000000",
            "operatingIncome": "936000000",
            "sellingGeneralAndAdministrative": "267000000",
            "researchAndDevelopment": "None",
            "operatingExpenses": "1260000000",
            "investmentIncomeNet": "None",
            "netInterestIncome": "-90000000",
            "interestIncome": "419000000",
            "interestExpense": "90000000",
            "nonInterestIncome": "-11295000000",
            "otherNonOperatingIncome": "277000000",
            "depreciation": "None",
            "depreciationAndAmortization": "570000000",
            "incomeBeforeTax": "1057000000",
            "incomeTaxExpense": "48000000",
            "interestAndDebtExpense": "353000000",
            "netIncomeFromContinuingOperations": "824000000",
            "comprehensiveIncomeNetOfTax": "993000000",
            "ebit": "936000000",
            "ebitda": "1717000000",
            "netIncome": "1009000000"
        },
        {
            "fiscalDateEnding": "2019-09-30",
            "reportedCurrency": "USD",
            "grossProfit": "3262000000",
            "totalRevenue": "3782000000",
            "costOfRevenue": "1007000000",
            "costofGoodsAndServicesSold": "1948000000",
            "operatingIncome": "1104000000",
            "sellingGeneralAndAdministrative": "243000000",
            "researchAndDevelopment": "None",
            "operatingExpenses": "1007000000",
            "investmentIncomeNet": "None",
            "netInterestIncome": "-1000000",
            "interestIncome": "451000000",
            "interestExpense": "1000000",
            "nonInterestIncome": "4081000000",
            "otherNonOperatingIncome": "129000000",
            "depreciation": "None",
            "depreciationAndAmortization": "586000000",
            "incomeBeforeTax": "891000000",
            "incomeTaxExpense": "-84000000",
            "interestAndDebtExpense": "370000000",
            "netIncomeFromContinuingOperations": "937000000",
            "comprehensiveIncomeNetOfTax": "881000000",
            "ebit": "1104000000",
            "ebitda": "1478000000",
            "netIncome": "975000000"
        },
        {
            "fiscalDateEnding": "2019-06-30",
            "reportedCurrency": "USD",
            "grossProfit": "2713000000",
            "totalRevenue": "3443000000",
            "costOfRevenue": "1257000000",
            "costofGoodsAndServicesSold": "2252000000",
            "operatingIncome": "248000000",
            "sellingGeneralAndAdministrative": "284000000",
            "researchAndDevelopment": "None",
            "operatingExpenses": "1257000000",
            "investmentIncomeNet": "None",
            "netInterestIncome": "-452000000",
            "interestIncome": "452000000",
            "interestExpense": "452000000",
            "nonInterestIncome": "3746000000",
            "otherNonOperatingIncome": "53000000",
            "depreciation": "None",
            "depreciationAndAmortization": "661000000",
            "incomeBeforeTax": "97000000",
            "incomeTaxExpense": "43000000",
            "interestAndDebtExpense": "452000000",
            "netIncomeFromContinuingOperations": "58000000",
            "comprehensiveIncomeNetOfTax": "102000000",
            "ebit": "248000000",
            "ebitda": "909000000",
            "netIncome": "54000000"
        },
        {
            "fiscalDateEnding": "2019-03-31",
            "reportedCurrency": "USD",
            "grossProfit": "2193000000",
            "totalRevenue": "3281000000",
            "costOfRevenue": "1665000000",
            "costofGoodsAndServicesSold": "2562000000",
            "operatingIncome": "-744000000",
            "sellingGeneralAndAdministrative": "292000000",
            "researchAndDevelopment": "None",
            "operatingExpenses": "1665000000",
            "investmentIncomeNet": "None",
            "netInterestIncome": "-469000000",
            "interestIncome": "460000000",
            "interestExpense": "469000000",
            "nonInterestIncome": "3631000000",
            "otherNonOperatingIncome": "388000000",
            "depreciation": "None",
            "depreciationAndAmortization": "651000000",
            "incomeBeforeTax": "-566000000",
            "incomeTaxExpense": "114000000",
            "interestAndDebtExpense": "469000000",
            "netIncomeFromContinuingOperations": "-677000000",
            "comprehensiveIncomeNetOfTax": "-711000000",
            "ebit": "-744000000",
            "ebitda": "-93000000",
            "netIncome": "-680000000"
        },
        {
            "fiscalDateEnding": "2018-12-31",
            "reportedCurrency": "USD",
            "grossProfit": "3361000000",
            "totalRevenue": "3361000000",
            "costOfRevenue": "1353000000",
            "costofGoodsAndServicesSold": "1830000000",
            "operatingIncome": "834000000",
            "sellingGeneralAndAdministrative": "318000000",
            "researchAndDevelopment": "None",
            "operatingExpenses": "543000000",
            "investmentIncomeNet": "None",
            "netInterestIncome": "None",
            "interestIncome": "None",
            "interestExpense": "440000000",
            "nonInterestIncome": "-9631000000",
            "otherNonOperatingIncome": "227000000",
            "depreciation": "None",
            "depreciationAndAmortization": "173000000",
            "incomeBeforeTax": "678000000",
            "incomeTaxExpense": "37000000",
            "interestAndDebtExpense": "226000000",
            "netIncomeFromContinuingOperations": "200000000",
            "comprehensiveIncomeNetOfTax": "461000000",
            "ebit": "834000000",
            "ebitda": "1007000000",
            "netIncome": "641000000"
        },
        {
            "fiscalDateEnding": "2018-09-30",
            "reportedCurrency": "USD",
            "grossProfit": "2748000000",
            "totalRevenue": "3451000000",
            "costOfRevenue": "703000000",
            "costofGoodsAndServicesSold": "1598000000",
            "operatingIncome": "1150000000",
            "sellingGeneralAndAdministrative": "177000000",
            "researchAndDevelopment": "None",
            "operatingExpenses": "703000000",
            "investmentIncomeNet": "None",
            "netInterestIncome": "None",
            "interestIncome": "None",
            "interestExpense": "378000000",
            "nonInterestIncome": "3362000000",
            "otherNonOperatingIncome": "373000000",
            "depreciation": "None",
            "depreciationAndAmortization": "526000000",
            "incomeBeforeTax": "1116000000",
            "incomeTaxExpense": "262000000",
            "interestAndDebtExpense": "378000000",
            "netIncomeFromContinuingOperations": "883000000",
            "comprehensiveIncomeNetOfTax": "872000000",
            "ebit": "1150000000",
            "ebitda": "1676000000",
            "netIncome": "854000000"
        },
        {
            "fiscalDateEnding": "2018-06-30",
            "reportedCurrency": "USD",
            "grossProfit": "2459000000",
            "totalRevenue": "3088000000",
            "costOfRevenue": "629000000",
            "costofGoodsAndServicesSold": "1717000000",
            "operatingIncome": "742000000",
            "sellingGeneralAndAdministrative": "166000000",
            "researchAndDevelopment": "None",
            "operatingExpenses": "629000000",
            "investmentIncomeNet": "None",
            "netInterestIncome": "None",
            "interestIncome": "None",
            "interestExpense": "361000000",
            "nonInterestIncome": "2945000000",
            "otherNonOperatingIncome": "185000000",
            "depreciation": "None",
            "depreciationAndAmortization": "463000000",
            "incomeBeforeTax": "537000000",
            "incomeTaxExpense": "88000000",
            "interestAndDebtExpense": "361000000",
            "netIncomeFromContinuingOperations": "478000000",
            "comprehensiveIncomeNetOfTax": "462000000",
            "ebit": "742000000",
            "ebitda": "1205000000",
            "netIncome": "449000000"
        },
        {
            "fiscalDateEnding": "2018-03-31",
            "reportedCurrency": "USD",
            "grossProfit": "2006000000",
            "totalRevenue": "3466000000",
            "costOfRevenue": "1441000000",
            "costofGoodsAndServicesSold": "744000000",
            "operatingIncome": "875000000",
            "sellingGeneralAndAdministrative": "199000000",
            "researchAndDevelopment": "None",
            "operatingExpenses": "653000000",
            "investmentIncomeNet": "None",
            "netInterestIncome": "None",
            "interestIncome": "None",
            "interestExpense": "314000000",
            "nonInterestIncome": "-19000000",
            "otherNonOperatingIncome": "100000000",
            "depreciation": "None",
            "depreciationAndAmortization": "498000000",
            "incomeBeforeTax": "638000000",
            "incomeTaxExpense": "135000000",
            "interestAndDebtExpense": "314000000",
            "netIncomeFromContinuingOperations": "526000000",
            "comprehensiveIncomeNetOfTax": "634000000",
            "ebit": "875000000",
            "ebitda": "1373000000",
            "netIncome": "503000000"
        }
    ]
}