{
    "symbol": "DOW",
    "annualReports": [
        {
            "fiscalDateEnding": "2022-12-31",
            "reportedCurrency": "USD",
            "grossProfit": "5611000000",
            "totalRevenue": "56185000000",
            "costOfRevenue": "50574000000",
            "costofGoodsAndServicesSold": "48338000000",
            "operatingIncome": "2935000000",
            "sellingGeneralAndAdministrative": "1675000000",
            "researchAndDevelopment": "851000000",
            "operatingExpenses": "2687000000",
            "investmentIncomeNet": "None",
            "netInterestIncome": "-757000000",
            "interestIncome": "173000000",
            "interestExpense": "757000000",
            "nonInterestIncome": "56932000000",
            "otherNonOperatingIncome": "31000000",
            "depreciation": "1958000000",
            "depreciationAndAmortization": "441000000",
            "incomeBeforeTax": "6032000000",
            "incomeTaxExpense": "1450000000",
            "interestAndDebtExpense": "765000000",
            "netIncomeFromContinuingOperations": "4640000000",
            "comprehensiveIncomeNetOfTax": "6420000000",
            "ebit": "6789000000",
            "ebitda": "7230000000",
            "netIncome": "4582000000"
        },
        {
            "fiscalDateEnding": "2021-12-31",
            "reportedCurrency": "USD",
            "grossProfit": "8661000000",
            "totalRevenue": "54968000000",
            "costOfRevenue": "46307000000",
            "costofGoodsAndServicesSold": "44191000000",
            "operatingIncome": "6559000000",
            "sellingGeneralAndAdministrative": "1645000000",
            "researchAndDevelopment": "857000000",
            "operatingExpenses": "2814000000",
            "investmentIncomeNet": "None",
            "netInterestIncome": "-817000000",
            "interestIncome": "55000000",
            "interestExpense": "817000000",
            "nonInterestIncome": "54103000000",
            "otherNonOperatingIncome": "10000000",
            "depreciation": "2063000000",
            "depreciationAndAmortization": "464000000",
            "incomeBeforeTax": "8051000000",
            "incomeTaxExpense": "1740000000",
            "interestAndDebtExpense": "1391000000",
            "netIncomeFromContinuingOperations": "6405000000",
            "comprehensiveIncomeNetOfTax": "8189000000",
            "ebit": "8868000000",
            "ebitda": "9332000000",
            "netIncome": "6311000000"
        },
        {
            "fiscalDateEnding": "2020-12-31",
            "reportedCurrency": "USD",
            "grossProfit": "5196000000",
            "totalRevenue": "38542000000",
            "costOfRevenue": "33346000000",
            "costofGoodsAndServicesSold": "33346000000",
            "operatingIncome": "2749000000",
            "sellingGeneralAndAdministrative": "1471000000",
            "researchAndDevelopment": "768000000",
            "operatingExpenses": "2302000000",
            "investmentIncomeNet": "None",
            "netInterestIncome": "-916000000",
            "interestIncome": "38000000",
            "interestExpense": "916000000",
            "nonInterestIncome": "38413000000",
            "otherNonOperatingIncome": "84000000",
            "depreciation": "2092000000",
            "depreciationAndAmortization": "459000000",
            "incomeBeforeTax": "2002000000",
            "incomeTaxExpense": "777000000",
            "interestAndDebtExpense": "1065000000",
            "netIncomeFromContinuingOperations": "1294000000",
            "comprehensiveIncomeNetOfTax": "616000000",
            "ebit": "2918000000",
            "ebitda": "3377000000",
            "netIncome": "1225000000"
        },
        {
            "fiscalDateEnding": "2019-12-31",
            "reportedCurrency": "USD",
            "grossProfit": "6294000000",
            "totalRevenue": "42951000000",
            "costOfRevenue": "36657000000",
            "costofGoodsAndServicesSold": "36657000000",
            "operatingIncome": "4215000000",
            "sellingGeneralAndAdministrative": "1590000000",
            "researchAndDevelopment": "765000000",
            "operatingExpenses": "6761000000",
            "investmentIncomeNet": "None",
            "netInterestIncome": "-1038000000",
            "interestIncome": "946000000",
            "interestExpense": "1038000000",
            "nonInterestIncome": "43025000000",
            "otherNonOperatingIncome": "113000000",
            "depreciation": "2156000000",
            "depreciationAndAmortization": "458000000",
            "incomeBeforeTax": "-889000000",
            "incomeTaxExpense": "470000000",
            "interestAndDebtExpense": "1140000000",
            "netIncomeFromContinuingOperations": "-1717000000",
            "comprehensiveIncomeNetOfTax": "-2525000000",
            "ebit": "149000000",
            "ebitda": "607000000",
            "netIncome": "-1359000000"
        }
    ],
    "quarterlyReports": [
        {
            "fiscalDateEnding": "2022-12-31",
            "reportedCurrency": "USD",
            "grossProfit": "61000000",
            "totalRevenue": "11142000000",
            "costOfRevenue": "11081000000",
            "costofGoodsAndServicesSold": "10656000000",
            "operatingIncome": "-571000000",
            "sellingGeneralAndAdministrative": "386000000",
            "researchAndDevelopment": "225000000",
            "operatingExpenses": "261000000",
            "investmentIncomeNet": "None",
            "netInterestIncome": "-245000000",
            "interestIncome": "68000000",
            "interestExpense": "245000000",
            "nonInterestIncome": "12130000000",
            "otherNonOperatingIncome": "None",
            "depreciation": "499000000",
            "depreciationAndAmortization": "105000000",
            "incomeBeforeTax": "831000000",
            "incomeTaxExpense": "218000000",
            "interestAndDebtExpense": "245000000",
            "netIncomeFromContinuingOperations": "647000000",
            "comprehensiveIncomeNetOfTax": "3056000000",
            "ebit": "1076000000",
            "ebitda": "1181000000",
            "netIncome": "613000000"
        },
        {
            "fiscalDateEnding": "2022-09-30",
            "reportedCurrency": "USD",
            "grossProfit": "1267000000",
            "totalRevenue": "14115000000",
            "costOfRevenue": "12848000000",
            "costofGoodsAndServicesSold": "12381000000",
            "operatingIncome": "689000000",
            "sellingGeneralAndAdministrative": "356000000",
            "researchAndDevelopment": "191000000",
            "operatingExpenses": "658000000",
            "investmentIncomeNet": "None",
            "netInterestIncome": "-163000000",
            "interestIncome": "41000000",
            "interestExpense": "163000000",
            "nonInterestIncome": "13965000000",
            "otherNonOperatingIncome": "None",
            "depreciation": "482000000",
            "depreciationAndAmortization": "111000000",
            "incomeBeforeTax": "980000000",
            "incomeTaxExpense": "241000000",
            "interestAndDebtExpense": "163000000",
            "netIncomeFromContinuingOperations": "760000000",
            "comprehensiveIncomeNetOfTax": "361000000",
            "ebit": "1143000000",
            "ebitda": "1254000000",
            "netIncome": "739000000"
        },
        {
            "fiscalDateEnding": "2022-06-30",
            "reportedCurrency": "USD",
            "grossProfit": "2219000000",
            "totalRevenue": "15664000000",
            "costOfRevenue": "13445000000",
            "costofGoodsAndServicesSold": "12899000000",
            "operatingIncome": "1533000000",
            "sellingGeneralAndAdministrative": "435000000",
            "researchAndDevelopment": "217000000",
            "operatingExpenses": "763000000",
            "investmentIncomeNet": "None",
            "netInterestIncome": "-174000000",
            "interestIncome": "13000000",
            "interestExpense": "174000000",
            "nonInterestIncome": "15591000000",
            "otherNonOperatingIncome": "None",
            "depreciation": "486000000",
            "depreciationAndAmortization": "111000000",
            "incomeBeforeTax": "2149000000",
            "incomeTaxExpense": "488000000",
            "interestAndDebtExpense": "182000000",
            "netIncomeFromContinuingOperations": "1681000000",
            "comprehensiveIncomeNetOfTax": "1253000000",
            "ebit": "2323000000",
            "ebitda": "2434000000",
            "netIncome": "1661000000"
        },
        {
            "fiscalDateEnding": "2022-03-31",
            "reportedCurrency": "USD",
            "grossProfit": "2064000000",
            "totalRevenue": "15264000000",
            "costOfRevenue": "13200000000",
            "costofGoodsAndServicesSold": "12402000000",
            "operatingIncome": "1279000000",
            "sellingGeneralAndAdministrative": "498000000",
            "researchAndDevelopment": "218000000",
            "operatingExpenses": "1010000000",
            "investmentIncomeNet": "None",
            "netInterestIncome": "-175000000",
            "interestIncome": "28000000",
            "interestExpense": "175000000",
            "nonInterestIncome": "15246000000",
            "otherNonOperatingIncome": "None",
            "depreciation": "491000000",
            "depreciationAndAmortization": "114000000",
            "incomeBeforeTax": "2072000000",
            "incomeTaxExpense": "503000000",
            "interestAndDebtExpense": "175000000",
            "netIncomeFromContinuingOperations": "1552000000",
            "comprehensiveIncomeNetOfTax": "1750000000",
            "ebit": "2247000000",
            "ebitda": "2361000000",
            "netIncome": "1569000000"
        },
        {
            "fiscalDateEnding": "2021-12-31",
            "reportedCurrency": "USD",
            "grossProfit": "2055000000",
            "totalRevenue": "14364000000",
            "costOfRevenue": "12309000000",
            "costofGoodsAndServicesSold": "11778000000",
            "operatingIncome": "1522000000",
            "sellingGeneralAndAdministrative": "436000000",
            "researchAndDevelopment": "225000000",
            "operatingExpenses": "530000000",
            "investmentIncomeNet": "None",
            "netInterestIncome": "-237000000",
            "interestIncome": "20000000",
            "interestExpense": "237000000",
            "nonInterestIncome": "14337000000",
            "otherNonOperatingIncome": "None",
            "depreciation": "513000000",
            "depreciationAndAmortization": "110000000",
            "incomeBeforeTax": "2093000000",
            "incomeTaxExpense": "357000000",
            "interestAndDebtExpense": "237000000",
            "netIncomeFromContinuingOperations": "1761000000",
            "comprehensiveIncomeNetOfTax": "2424000000",
            "ebit": "2330000000",
            "ebitda": "2440000000",
            "netIncome": "1736000000"
        },
        {
            "fiscalDateEnding": "2021-09-30",
            "reportedCurrency": "USD",
            "grossProfit": "2704000000",
            "totalRevenue": "14837000000",
            "costOfRevenue": "12133000000",
            "costofGoodsAndServicesSold": "11611000000",
            "operatingIncome": "2446000000",
            "sellingGeneralAndAdministrative": "403000000",
            "researchAndDevelopment": "210000000",
            "operatingExpenses": "732000000",
            "investmentIncomeNet": "None",
            "netInterestIncome": "-184000000",
            "interestIncome": "80000000",
            "interestExpense": "184000000",
            "nonInterestIncome": "14284000000",
            "otherNonOperatingIncome": "None",
            "depreciation": "517000000",
            "depreciationAndAmortization": "119000000",
            "incomeBeforeTax": "2225000000",
            "incomeTaxExpense": "542000000",
            "interestAndDebtExpense": "656000000",
            "netIncomeFromContinuingOperations": "1706000000",
            "comprehensiveIncomeNetOfTax": "1694000000",
            "ebit": "2409000000",
            "ebitda": "2528000000",
            "netIncome": "1683000000"
        },
        {
            "fiscalDateEnding": "2021-06-30",
            "reportedCurrency": "USD",
            "grossProfit": "2564000000",
            "totalRevenue": "13885000000",
            "costOfRevenue": "11321000000",
            "costofGoodsAndServicesSold": "10740000000",
            "operatingIncome": "1953000000",
            "sellingGeneralAndAdministrative": "440000000",
            "researchAndDevelopment": "228000000",
            "operatingExpenses": "809000000",
            "investmentIncomeNet": "None",
            "netInterestIncome": "-193000000",
            "interestIncome": "13000000",
            "interestExpense": "193000000",
            "nonInterestIncome": "13767000000",
            "otherNonOperatingIncome": "None",
            "depreciation": "518000000",
            "depreciationAndAmortization": "119000000",
            "incomeBeforeTax": "2425000000",
            "incomeTaxExpense": "524000000",
            "interestAndDebtExpense": "295000000",
            "netIncomeFromContinuingOperations": "1932000000",
            "comprehensiveIncomeNetOfTax": "2138000000",
            "ebit": "2618000000",
            "ebitda": "2737000000",
            "netIncome": "1901000000"
        },
        {
            "fiscalDateEnding": "2021-03-31",
            "reportedCurrency": "USD",
            "grossProfit": "1338000000",
            "totalRevenue": "11882000000",
            "costOfRevenue": "10544000000",
            "costofGoodsAndServicesSold": "10062000000",
            "operatingIncome": "667000000",
            "sellingGeneralAndAdministrative": "366000000",
            "researchAndDevelopment": "194000000",
            "operatingExpenses": "714000000",
            "investmentIncomeNet": "None",
            "netInterestIncome": "-203000000",
            "interestIncome": "8000000",
            "interestExpense": "203000000",
            "nonInterestIncome": "11715000000",
            "otherNonOperatingIncome": "None",
            "depreciation": "515000000",
            "depreciationAndAmortization": "116000000",
            "incomeBeforeTax": "1308000000",
            "incomeTaxExpense": "317000000",
            "interestAndDebtExpense": "203000000",
            "netIncomeFromContinuingOperations": "1006000000",
            "comprehensiveIncomeNetOfTax": "1933000000",
            "ebit": "1511000000",
            "ebitda": "1627000000",
            "netIncome": "991000000"
        },
        {
            "fiscalDateEnding": "2020-12-31",
            "reportedCurrency": "USD",
            "grossProfit": "1571000000",
            "totalRevenue": "10706000000",
            "costOfRevenue": "9135000000",
            "costofGoodsAndServicesSold": "9135000000",
            "operatingIncome": "1582000000",
            "sellingGeneralAndAdministrative": "408000000",
            "researchAndDevelopment": "214000000",
            "operatingExpenses": "-11000000",
            "investmentIncomeNet": "None",
            "netInterestIncome": "-280000000",
            "interestIncome": "11000000",
            "interestExpense": "280000000",
            "nonInterestIncome": "10706000000",
            "otherNonOperatingIncome": "None",
            "depreciation": "534000000",
            "depreciationAndAmortization": "117000000",
            "incomeBeforeTax": "1816000000",
            "incomeTaxExpense": "562000000",
            "interestAndDebtExpense": "280000000",
            "netIncomeFromContinuingOperations": "1254000000",
            "comprehensiveIncomeNetOfTax": "322000000",
            "ebit": "2096000000",
            "ebitda": "2213000000",
            "netIncome": "1254000000"
        },
        {
            "fiscalDateEnding": "2020-09-30",
            "reportedCurrency": "USD",
            "grossProfit": "1341000000",
            "totalRevenue": "9712000000",
            "costOfRevenue": "8371000000",
            "costofGoodsAndServicesSold": "8371000000",
            "operatingIncome": "-665000000",
            "sellingGeneralAndAdministrative": "372000000",
            "researchAndDevelopment": "193000000",
            "operatingExpenses": "1361000000",
            "investmentIncomeNet": "None",
            "netInterestIncome": "-209000000",
            "interestIncome": "151000000",
            "interestExpense": "209000000",
            "nonInterestIncome": "9630000000",
            "otherNonOperatingIncome": "None",
            "depreciation": "526000000",
            "depreciationAndAmortization": "116000000",
            "incomeBeforeTax": "18000000",
            "incomeTaxExpense": "43000000",
            "interestAndDebtExpense": "272000000",
            "netIncomeFromContinuingOperations": "-1000000",
            "comprehensiveIncomeNetOfTax": "259000000",
            "ebit": "227000000",
            "ebitda": "343000000",
            "netIncome": "-25000000"
        },
        {
            "fiscalDateEnding": "2020-06-30",
            "reportedCurrency": "USD",
            "grossProfit": "744000000",
            "totalRevenue": "8354000000",
            "costOfRevenue": "7610000000",
            "costofGoodsAndServicesSold": "7610000000",
            "operatingIncome": "-430000000",
            "sellingGeneralAndAdministrative": "357000000",
            "researchAndDevelopment": "182000000",
            "operatingExpenses": "698000000",
            "investmentIncomeNet": "None",
            "netInterestIncome": "-206000000",
            "interestIncome": "284000000",
            "interestExpense": "206000000",
            "nonInterestIncome": "8358000000",
            "otherNonOperatingIncome": "None",
            "depreciation": "517000000",
            "depreciationAndAmortization": "113000000",
            "incomeBeforeTax": "-191000000",
            "incomeTaxExpense": "34000000",
            "interestAndDebtExpense": "206000000",
            "netIncomeFromContinuingOperations": "-217000000",
            "comprehensiveIncomeNetOfTax": "79000000",
            "ebit": "15000000",
            "ebitda": "128000000",
            "netIncome": "-225000000"
        },
        {
            "fiscalDateEnding": "2020-03-31",
            "reportedCurrency": "USD",
            "grossProfit": "1540000000",
            "totalRevenue": "9770000000",
            "costOfRevenue": "8230000000",
            "costofGoodsAndServicesSold": "8230000000",
            "operatingIncome": "380000000",
            "sellingGeneralAndAdministrative": "334000000",
            "researchAndDevelopment": "179000000",
            "operatingExpenses": "799000000",
            "investmentIncomeNet": "None",
            "netInterestIncome": "-221000000",
            "interestIncome": "290000000",
            "interestExpense": "221000000",
            "nonInterestIncome": "9701000000",
            "otherNonOperatingIncome": "None",
            "depreciation": "515000000",
            "depreciationAndAmortization": "113000000",
            "incomeBeforeTax": "377000000",
            "incomeTaxExpense": "138000000",
            "interestAndDebtExpense": "307000000",
            "netIncomeFromContinuingOperations": "258000000",
            "comprehensiveIncomeNetOfTax": "-44000000",
            "ebit": "598000000",
            "ebitda": "711000000",
            "netIncome": "239000000"
        },
        {
            "fiscalDateEnding": "2019-12-31",
            "reportedCurrency": "USD",
            "grossProfit": "1486000000",
            "totalRevenue": "10204000000",
            "costOfRevenue": "8718000000",
            "costofGoodsAndServicesSold": "8718000000",
            "operatingIncome": "-1365000000",
            "sellingGeneralAndAdministrative": "332000000",
            "researchAndDevelopment": "173000000",
            "operatingExpenses": "2851000000",
            "investmentIncomeNet": "None",
            "netInterestIncome": "-308000000",
            "interestIncome": "220000000",
            "interestExpense": "308000000",
            "nonInterestIncome": "10204000000",
            "otherNonOperatingIncome": "None",
            "depreciation": "535000000",
            "depreciationAndAmortization": "107000000",
            "incomeBeforeTax": "-2196000000",
            "incomeTaxExpense": "114000000",
            "interestAndDebtExpense": "366000000",
            "netIncomeFromContinuingOperations": "-2310000000",
            "comprehensiveIncomeNetOfTax": "-3357000000",
            "ebit": "-1888000000",
            "ebitda": "-1781000000",
            "netIncome": "-2310000000"
        },
        {
            "fiscalDateEnding": "2019-09-30",
            "reportedCurrency": "USD",
            "grossProfit": "1387000000",
            "totalRevenue": "10764000000",
            "costOfRevenue": "9377000000",
            "costofGoodsAndServicesSold": "9377000000",
            "operatingIncome": "238000000",
            "sellingGeneralAndAdministrative": "388000000",
            "researchAndDevelopment": "194000000",
            "operatingExpenses": "802000000",
            "investmentIncomeNet": "None",
            "netInterestIncome": "-239000000",
            "interestIncome": "258000000",
            "interestExpense": "239000000",
            "nonInterestIncome": "10764000000",
            "otherNonOperatingIncome": "None",
            "depreciation": "540000000",
            "depreciationAndAmortization": "114000000",
            "incomeBeforeTax": "423000000",
            "incomeTaxExpense": "90000000",
            "interestAndDebtExpense": "239000000",
            "netIncomeFromContinuingOperations": "347000000",
            "comprehensiveIncomeNetOfTax": "109000000",
            "ebit": "662000000",
            "ebitda": "776000000",
            "netIncome": "333000000"
        },
        {
            "fiscalDateEnding": "2019-06-30",
            "reportedCurrency": "USD",
            "grossProfit": "1594000000",
            "totalRevenue": "11014000000",
            "costOfRevenue": "9420000000",
            "costofGoodsAndServicesSold": "9420000000",
            "operatingIncome": "136000000",
            "sellingGeneralAndAdministrative": "422000000",
            "researchAndDevelopment": "208000000",
            "operatingExpenses": "1147000000",
            "investmentIncomeNet": "None",
            "netInterestIncome": "-237000000",
            "interestIncome": "231000000",
            "interestExpense": "237000000",
            "nonInterestIncome": "10970000000",
            "otherNonOperatingIncome": "None",
            "depreciation": "538000000",
            "depreciationAndAmortization": "104000000",
            "incomeBeforeTax": "200000000",
            "incomeTaxExpense": "125000000",
            "interestAndDebtExpense": "281000000",
            "netIncomeFromContinuingOperations": "90000000",
            "comprehensiveIncomeNetOfTax": "71000000",
            "ebit": "437000000",
            "ebitda": "541000000",
            "netIncome": "75000000"
        },
        {
            "fiscalDateEnding": "2019-03-31",
            "reportedCurrency": "USD",
            "grossProfit": "1827000000",
            "totalRevenue": "10969000000",
            "costOfRevenue": "9142000000",
            "costofGoodsAndServicesSold": "9142000000",
            "operatingIncome": "328000000",
            "sellingGeneralAndAdministrative": "448000000",
            "researchAndDevelopment": "361000000",
            "operatingExpenses": "1460000000",
            "investmentIncomeNet": "None",
            "netInterestIncome": "-247000000",
            "interestIncome": "None",
            "interestExpense": "247000000",
            "nonInterestIncome": "10969000000",
            "otherNonOperatingIncome": "None",
            "depreciation": "543000000",
            "depreciationAndAmortization": "154000000",
            "incomeBeforeTax": "697000000",
            "incomeTaxExpense": "141000000",
            "interestAndDebtExpense": "247000000",
            "netIncomeFromContinuingOperations": "156000000",
            "comprehensiveIncomeNetOfTax": "652000000",
            "ebit": "944000000",
            "ebitda": "1098000000",
            "netIncome": "556000000"
        },
        {
            "fiscalDateEnding": "2018-06-30",
            "reportedCurrency": "USD",
            "grossProfit": "2249000000",
            "totalRevenue": "12789000000",
            "costOfRevenue": "10540000000",
            "costofGoodsAndServicesSold": "10540000000",
            "operatingIncome": "1425000000",
            "sellingGeneralAndAdministrative": "485000000",
            "researchAndDevelopment": "221000000",
            "operatingExpenses": "824000000",
            "investmentIncomeNet": "None",
            "netInterestIncome": "None",
            "interestIncome": "None",
            "interestExpense": "261000000",
            "nonInterestIncome": "None",
            "otherNonOperatingIncome": "231000000",
            "depreciation": "540000000",
            "depreciationAndAmortization": "614000000",
            "incomeBeforeTax": "1059000000",
            "incomeTaxExpense": "249000000",
            "interestAndDebtExpense": "None",
            "netIncomeFromContinuingOperations": "810000000",
            "comprehensiveIncomeNetOfTax": "1123000000",
            "ebit": "1843000000",
            "ebitda": "2457000000",
            "netIncome": "1333000000"
        },
        {
            "fiscalDateEnding": "2018-03-31",
            "reportedCurrency": "USD",
            "grossProfit": "2257000000",
            "totalRevenue": "14899000000",
            "costOfRevenue": "12642000000",
            "costofGoodsAndServicesSold": "9980000000",
            "operatingIncome": "2051000000",
            "sellingGeneralAndAdministrative": "751000000",
            "researchAndDevelopment": "386000000",
            "operatingExpenses": "1296000000",
            "investmentIncomeNet": "None",
            "netInterestIncome": "None",
            "interestIncome": "None",
            "interestExpense": "270000000",
            "nonInterestIncome": "None",
            "otherNonOperatingIncome": "243000000",
            "depreciation": "621000000",
            "depreciationAndAmortization": "837000000",
            "incomeBeforeTax": "1740000000",
            "incomeTaxExpense": "363000000",
            "interestAndDebtExpense": "None",
            "netIncomeFromContinuingOperations": "925000000",
            "comprehensiveIncomeNetOfTax": "1832000000",
            "ebit": "1975000000",
            "ebitda": "2812000000",
            "netIncome": "1342000000"
        }
    ]
}