{
    "symbol": "EL",
    "annualReports": [
        {
            "fiscalDateEnding": "2022-06-30",
            "reportedCurrency": "USD",
            "grossProfit": "13432000000",
            "totalRevenue": "17552000000",
            "costOfRevenue": "15260000000",
            "costofGoodsAndServicesSold": "4305000000",
            "operatingIncome": "3170000000",
            "sellingGeneralAndAdministrative": "9888000000",
            "researchAndDevelopment": "None",
            "operatingExpenses": "10262000000",
            "investmentIncomeNet": "30000000",
            "netInterestIncome": "-167000000",
            "interestIncome": "30000000",
            "interestExpense": "167000000",
            "nonInterestIncome": "17719000000",
            "otherNonOperatingIncome": "30000000",
            "depreciation": "None",
            "depreciationAndAmortization": "715000000",
            "incomeBeforeTax": "3029000000",
            "incomeTaxExpense": "628000000",
            "interestAndDebtExpense": "167000000",
            "netIncomeFromContinuingOperations": "2408000000",
            "comprehensiveIncomeNetOfTax": "2098000000",
            "ebit": "3170000000",
            "ebitda": "3911000000",
            "netIncome": "2401000000"
        },
        {
            "fiscalDateEnding": "2021-06-30",
            "reportedCurrency": "USD",
            "grossProfit": "12381000000",
            "totalRevenue": "16007000000",
            "costOfRevenue": "14358000000",
            "costofGoodsAndServicesSold": "3834000000",
            "operatingIncome": "2618000000",
            "sellingGeneralAndAdministrative": "9371000000",
            "researchAndDevelopment": "None",
            "operatingExpenses": "9763000000",
            "investmentIncomeNet": "51000000",
            "netInterestIncome": "-173000000",
            "interestIncome": "51000000",
            "interestExpense": "173000000",
            "nonInterestIncome": "16180000000",
            "otherNonOperatingIncome": "51000000",
            "depreciation": "None",
            "depreciationAndAmortization": "635000000",
            "incomeBeforeTax": "3319000000",
            "incomeTaxExpense": "456000000",
            "interestAndDebtExpense": "173000000",
            "netIncomeFromContinuingOperations": "2875000000",
            "comprehensiveIncomeNetOfTax": "3065000000",
            "ebit": "2618000000",
            "ebitda": "4127000000",
            "netIncome": "2863000000"
        },
        {
            "fiscalDateEnding": "2020-06-30",
            "reportedCurrency": "USD",
            "grossProfit": "10742000000",
            "totalRevenue": "14164000000",
            "costOfRevenue": "14516000000",
            "costofGoodsAndServicesSold": "3552000000",
            "operatingIncome": "606000000",
            "sellingGeneralAndAdministrative": "8637000000",
            "researchAndDevelopment": "None",
            "operatingExpenses": "10136000000",
            "investmentIncomeNet": "48000000",
            "netInterestIncome": "-161000000",
            "interestIncome": "444000000",
            "interestExpense": "161000000",
            "nonInterestIncome": "14325000000",
            "otherNonOperatingIncome": "48000000",
            "depreciation": "None",
            "depreciationAndAmortization": "598000000",
            "incomeBeforeTax": "1034000000",
            "incomeTaxExpense": "350000000",
            "interestAndDebtExpense": "161000000",
            "netIncomeFromContinuingOperations": "696000000",
            "comprehensiveIncomeNetOfTax": "582000000",
            "ebit": "1195000000",
            "ebitda": "1793000000",
            "netIncome": "684000000"
        },
        {
            "fiscalDateEnding": "2019-06-30",
            "reportedCurrency": "USD",
            "grossProfit": "11476000000",
            "totalRevenue": "14830000000",
            "costOfRevenue": "13129000000",
            "costofGoodsAndServicesSold": "3387000000",
            "operatingIncome": "2313000000",
            "sellingGeneralAndAdministrative": "8857000000",
            "researchAndDevelopment": "None",
            "operatingExpenses": "9163000000",
            "investmentIncomeNet": "58000000",
            "netInterestIncome": "-133000000",
            "interestIncome": "58000000",
            "interestExpense": "133000000",
            "nonInterestIncome": "14963000000",
            "otherNonOperatingIncome": "58000000",
            "depreciation": "None",
            "depreciationAndAmortization": "546000000",
            "incomeBeforeTax": "2298000000",
            "incomeTaxExpense": "513000000",
            "interestAndDebtExpense": "133000000",
            "netIncomeFromContinuingOperations": "1794000000",
            "comprehensiveIncomeNetOfTax": "1656000000",
            "ebit": "2431000000",
            "ebitda": "2977000000",
            "netIncome": "1785000000"
        },
        {
            "fiscalDateEnding": "2018-06-30",
            "reportedCurrency": "USD",
            "grossProfit": "10839000000",
            "totalRevenue": "13445000000",
            "costOfRevenue": "12177000000",
            "costofGoodsAndServicesSold": "2844000000",
            "operatingIncome": "2055000000",
            "sellingGeneralAndAdministrative": "8553000000",
            "researchAndDevelopment": "181000000",
            "operatingExpenses": "8784000000",
            "investmentIncomeNet": "56000000",
            "netInterestIncome": "-128000000",
            "interestIncome": "56000000",
            "interestExpense": "128000000",
            "nonInterestIncome": "-110000000",
            "otherNonOperatingIncome": "56000000",
            "depreciation": "None",
            "depreciationAndAmortization": "520000000",
            "incomeBeforeTax": "1971000000",
            "incomeTaxExpense": "863000000",
            "interestAndDebtExpense": "128000000",
            "netIncomeFromContinuingOperations": "1117000000",
            "comprehensiveIncomeNetOfTax": "1190000000",
            "ebit": "2099000000",
            "ebitda": "2619000000",
            "netIncome": "1108000000"
        }
    ],
    "quarterlyReports": [
        {
            "fiscalDateEnding": "2022-12-31",
            "reportedCurrency": "USD",
            "grossProfit": "3401000000",
            "totalRevenue": "4588000000",
            "costOfRevenue": "4240000000",
            "costofGoodsAndServicesSold": "1219000000",
            "operatingIncome": "556000000",
            "sellingGeneralAndAdministrative": "2630000000",
            "researchAndDevelopment": "None",
            "operatingExpenses": "2845000000",
            "investmentIncomeNet": "26000000",
            "netInterestIncome": "-52000000",
            "interestIncome": "26000000",
            "interestExpense": "52000000",
            "nonInterestIncome": "4640000000",
            "otherNonOperatingIncome": "26000000",
            "depreciation": "None",
            "depreciationAndAmortization": "175000000",
            "incomeBeforeTax": "532000000",
            "incomeTaxExpense": "135000000",
            "interestAndDebtExpense": "52000000",
            "netIncomeFromContinuingOperations": "397000000",
            "comprehensiveIncomeNetOfTax": "643000000",
            "ebit": "556000000",
            "ebitda": "759000000",
            "netIncome": "397000000"
        },
        {
            "fiscalDateEnding": "2022-09-30",
            "reportedCurrency": "USD",
            "grossProfit": "2907000000",
            "totalRevenue": "3896000000",
            "costOfRevenue": "3445000000",
            "costofGoodsAndServicesSold": "1023000000",
            "operatingIncome": "661000000",
            "sellingGeneralAndAdministrative": "2244000000",
            "researchAndDevelopment": "None",
            "operatingExpenses": "2246000000",
            "investmentIncomeNet": "15000000",
            "netInterestIncome": "-46000000",
            "interestIncome": "31000000",
            "interestExpense": "46000000",
            "nonInterestIncome": "3942000000",
            "otherNonOperatingIncome": "15000000",
            "depreciation": "None",
            "depreciationAndAmortization": "172000000",
            "incomeBeforeTax": "633000000",
            "incomeTaxExpense": "143000000",
            "interestAndDebtExpense": "46000000",
            "netIncomeFromContinuingOperations": "490000000",
            "comprehensiveIncomeNetOfTax": "173000000",
            "ebit": "661000000",
            "ebitda": "851000000",
            "netIncome": "490000000"
        },
        {
            "fiscalDateEnding": "2022-06-30",
            "reportedCurrency": "USD",
            "grossProfit": "2530000000",
            "totalRevenue": "3520000000",
            "costOfRevenue": "3644000000",
            "costofGoodsAndServicesSold": "1031000000",
            "operatingIncome": "79000000",
            "sellingGeneralAndAdministrative": "2334000000",
            "researchAndDevelopment": "None",
            "operatingExpenses": "2451000000",
            "investmentIncomeNet": "11000000",
            "netInterestIncome": "-42000000",
            "interestIncome": "11000000",
            "interestExpense": "42000000",
            "nonInterestIncome": "3563000000",
            "otherNonOperatingIncome": "11000000",
            "depreciation": "None",
            "depreciationAndAmortization": "187000000",
            "incomeBeforeTax": "49000000",
            "incomeTaxExpense": "-2000000",
            "interestAndDebtExpense": "42000000",
            "netIncomeFromContinuingOperations": "50000000",
            "comprehensiveIncomeNetOfTax": "-84000000",
            "ebit": "79000000",
            "ebitda": "278000000",
            "netIncome": "51000000"
        },
        {
            "fiscalDateEnding": "2022-03-31",
            "reportedCurrency": "USD",
            "grossProfit": "3251000000",
            "totalRevenue": "4207000000",
            "costOfRevenue": "3470000000",
            "costofGoodsAndServicesSold": "994000000",
            "operatingIncome": "738000000",
            "sellingGeneralAndAdministrative": "2275000000",
            "researchAndDevelopment": "None",
            "operatingExpenses": "2513000000",
            "investmentIncomeNet": "5000000",
            "netInterestIncome": "-41000000",
            "interestIncome": "5000000",
            "interestExpense": "41000000",
            "nonInterestIncome": "4248000000",
            "otherNonOperatingIncome": "5000000",
            "depreciation": "None",
            "depreciationAndAmortization": "178000000",
            "incomeBeforeTax": "700000000",
            "incomeTaxExpense": "130000000",
            "interestAndDebtExpense": "41000000",
            "netIncomeFromContinuingOperations": "573000000",
            "comprehensiveIncomeNetOfTax": "578000000",
            "ebit": "738000000",
            "ebitda": "919000000",
            "netIncome": "570000000"
        },
        {
            "fiscalDateEnding": "2021-12-31",
            "reportedCurrency": "USD",
            "grossProfit": "4316000000",
            "totalRevenue": "5491000000",
            "costOfRevenue": "4298000000",
            "costofGoodsAndServicesSold": "1223000000",
            "operatingIncome": "1418000000",
            "sellingGeneralAndAdministrative": "2885000000",
            "researchAndDevelopment": "None",
            "operatingExpenses": "2898000000",
            "investmentIncomeNet": "10000000",
            "netInterestIncome": "-42000000",
            "interestIncome": "10000000",
            "interestExpense": "42000000",
            "nonInterestIncome": "5533000000",
            "otherNonOperatingIncome": "10000000",
            "depreciation": "None",
            "depreciationAndAmortization": "175000000",
            "incomeBeforeTax": "1384000000",
            "incomeTaxExpense": "298000000",
            "interestAndDebtExpense": "42000000",
            "netIncomeFromContinuingOperations": "1090000000",
            "comprehensiveIncomeNetOfTax": "1067000000",
            "ebit": "1418000000",
            "ebitda": "1601000000",
            "netIncome": "1086000000"
        },
        {
            "fiscalDateEnding": "2021-09-30",
            "reportedCurrency": "USD",
            "grossProfit": "3335000000",
            "totalRevenue": "4339000000",
            "costOfRevenue": "3632000000",
            "costofGoodsAndServicesSold": "1057000000",
            "operatingIncome": "935000000",
            "sellingGeneralAndAdministrative": "2394000000",
            "researchAndDevelopment": "None",
            "operatingExpenses": "2400000000",
            "investmentIncomeNet": "4000000",
            "netInterestIncome": "-42000000",
            "interestIncome": "4000000",
            "interestExpense": "42000000",
            "nonInterestIncome": "4380000000",
            "otherNonOperatingIncome": "4000000",
            "depreciation": "None",
            "depreciationAndAmortization": "175000000",
            "incomeBeforeTax": "896000000",
            "incomeTaxExpense": "202000000",
            "interestAndDebtExpense": "42000000",
            "netIncomeFromContinuingOperations": "695000000",
            "comprehensiveIncomeNetOfTax": "537000000",
            "ebit": "935000000",
            "ebitda": "1113000000",
            "netIncome": "694000000"
        },
        {
            "fiscalDateEnding": "2021-06-30",
            "reportedCurrency": "USD",
            "grossProfit": "2950000000",
            "totalRevenue": "3883000000",
            "costOfRevenue": "3987000000",
            "costofGoodsAndServicesSold": "986000000",
            "operatingIncome": "234000000",
            "sellingGeneralAndAdministrative": "2610000000",
            "researchAndDevelopment": "None",
            "operatingExpenses": "2716000000",
            "investmentIncomeNet": "11000000",
            "netInterestIncome": "-42000000",
            "interestIncome": "11000000",
            "interestExpense": "42000000",
            "nonInterestIncome": "3925000000",
            "otherNonOperatingIncome": "11000000",
            "depreciation": "None",
            "depreciationAndAmortization": "178000000",
            "incomeBeforeTax": "1046000000",
            "incomeTaxExpense": "35000000",
            "interestAndDebtExpense": "42000000",
            "netIncomeFromContinuingOperations": "1015000000",
            "comprehensiveIncomeNetOfTax": "1035000000",
            "ebit": "234000000",
            "ebitda": "1266000000",
            "netIncome": "1011000000"
        },
        {
            "fiscalDateEnding": "2021-03-31",
            "reportedCurrency": "USD",
            "grossProfit": "2925000000",
            "totalRevenue": "3818000000",
            "costOfRevenue": "3383000000",
            "costofGoodsAndServicesSold": "939000000",
            "operatingIncome": "616000000",
            "sellingGeneralAndAdministrative": "2145000000",
            "researchAndDevelopment": "None",
            "operatingExpenses": "2309000000",
            "investmentIncomeNet": "9000000",
            "netInterestIncome": "-43000000",
            "interestIncome": "9000000",
            "interestExpense": "43000000",
            "nonInterestIncome": "3861000000",
            "otherNonOperatingIncome": "9000000",
            "depreciation": "None",
            "depreciationAndAmortization": "154000000",
            "incomeBeforeTax": "578000000",
            "incomeTaxExpense": "122000000",
            "interestAndDebtExpense": "43000000",
            "netIncomeFromContinuingOperations": "458000000",
            "comprehensiveIncomeNetOfTax": "352000000",
            "ebit": "616000000",
            "ebitda": "775000000",
            "netIncome": "456000000"
        },
        {
            "fiscalDateEnding": "2020-12-31",
            "reportedCurrency": "USD",
            "grossProfit": "3769000000",
            "totalRevenue": "4810000000",
            "costOfRevenue": "3918000000",
            "costofGoodsAndServicesSold": "1084000000",
            "operatingIncome": "1063000000",
            "sellingGeneralAndAdministrative": "2590000000",
            "researchAndDevelopment": "None",
            "operatingExpenses": "2706000000",
            "investmentIncomeNet": "17000000",
            "netInterestIncome": "-43000000",
            "interestIncome": "17000000",
            "interestExpense": "43000000",
            "nonInterestIncome": "4853000000",
            "otherNonOperatingIncome": "17000000",
            "depreciation": "None",
            "depreciationAndAmortization": "153000000",
            "incomeBeforeTax": "1026000000",
            "incomeTaxExpense": "153000000",
            "interestAndDebtExpense": "43000000",
            "netIncomeFromContinuingOperations": "877000000",
            "comprehensiveIncomeNetOfTax": "1084000000",
            "ebit": "1063000000",
            "ebitda": "1222000000",
            "netIncome": "873000000"
        },
        {
            "fiscalDateEnding": "2020-09-30",
            "reportedCurrency": "USD",
            "grossProfit": "2737000000",
            "totalRevenue": "3514000000",
            "costOfRevenue": "3010000000",
            "costofGoodsAndServicesSold": "825000000",
            "operatingIncome": "705000000",
            "sellingGeneralAndAdministrative": "2026000000",
            "researchAndDevelopment": "None",
            "operatingExpenses": "2032000000",
            "investmentIncomeNet": "14000000",
            "netInterestIncome": "-45000000",
            "interestIncome": "31000000",
            "interestExpense": "45000000",
            "nonInterestIncome": "3559000000",
            "otherNonOperatingIncome": "14000000",
            "depreciation": "None",
            "depreciationAndAmortization": "150000000",
            "incomeBeforeTax": "669000000",
            "incomeTaxExpense": "146000000",
            "interestAndDebtExpense": "45000000",
            "netIncomeFromContinuingOperations": "525000000",
            "comprehensiveIncomeNetOfTax": "594000000",
            "ebit": "705000000",
            "ebitda": "864000000",
            "netIncome": "523000000"
        },
        {
            "fiscalDateEnding": "2020-06-30",
            "reportedCurrency": "USD",
            "grossProfit": "1663000000",
            "totalRevenue": "2430000000",
            "costOfRevenue": "303000000",
            "costofGoodsAndServicesSold": "767000000",
            "operatingIncome": "-543000000",
            "sellingGeneralAndAdministrative": "1884000000",
            "researchAndDevelopment": "None",
            "operatingExpenses": "2206000000",
            "investmentIncomeNet": "7000000",
            "netInterestIncome": "-49000000",
            "interestIncome": "61000000",
            "interestExpense": "49000000",
            "nonInterestIncome": "2430000000",
            "otherNonOperatingIncome": "7000000",
            "depreciation": "None",
            "depreciationAndAmortization": "161000000",
            "incomeBeforeTax": "-608000000",
            "incomeTaxExpense": "-146000000",
            "interestAndDebtExpense": "49000000",
            "netIncomeFromContinuingOperations": "-543000000",
            "comprehensiveIncomeNetOfTax": "-415000000",
            "ebit": "-559000000",
            "ebitda": "-398000000",
            "netIncome": "-462000000"
        },
        {
            "fiscalDateEnding": "2020-03-31",
            "reportedCurrency": "USD",
            "grossProfit": "2509000000",
            "totalRevenue": "3318000000",
            "costOfRevenue": "3323000000",
            "costofGoodsAndServicesSold": "836000000",
            "operatingIncome": "109000000",
            "sellingGeneralAndAdministrative": "2030000000",
            "researchAndDevelopment": "None",
            "operatingExpenses": "2400000000",
            "investmentIncomeNet": "14000000",
            "netInterestIncome": "-42000000",
            "interestIncome": "14000000",
            "interestExpense": "42000000",
            "nonInterestIncome": "3360000000",
            "otherNonOperatingIncome": "14000000",
            "depreciation": "None",
            "depreciationAndAmortization": "157000000",
            "incomeBeforeTax": "78000000",
            "incomeTaxExpense": "84000000",
            "interestAndDebtExpense": "42000000",
            "netIncomeFromContinuingOperations": "-4000000",
            "comprehensiveIncomeNetOfTax": "-149000000",
            "ebit": "120000000",
            "ebitda": "277000000",
            "netIncome": "-6000000"
        },
        {
            "fiscalDateEnding": "2019-12-31",
            "reportedCurrency": "USD",
            "grossProfit": "3583000000",
            "totalRevenue": "5189000000",
            "costOfRevenue": "4244000000",
            "costofGoodsAndServicesSold": "1041000000",
            "operatingIncome": "261000000",
            "sellingGeneralAndAdministrative": "2538000000",
            "researchAndDevelopment": "None",
            "operatingExpenses": "3322000000",
            "investmentIncomeNet": "13000000",
            "netInterestIncome": "-38000000",
            "interestIncome": "13000000",
            "interestExpense": "38000000",
            "nonInterestIncome": "4651000000",
            "otherNonOperatingIncome": "13000000",
            "depreciation": "None",
            "depreciationAndAmortization": "141000000",
            "incomeBeforeTax": "807000000",
            "incomeTaxExpense": "250000000",
            "interestAndDebtExpense": "38000000",
            "netIncomeFromContinuingOperations": "561000000",
            "comprehensiveIncomeNetOfTax": "615000000",
            "ebit": "845000000",
            "ebitda": "986000000",
            "netIncome": "557000000"
        },
        {
            "fiscalDateEnding": "2019-09-30",
            "reportedCurrency": "USD",
            "grossProfit": "2987000000",
            "totalRevenue": "3864000000",
            "costOfRevenue": "3257000000",
            "costofGoodsAndServicesSold": "908000000",
            "operatingIncome": "779000000",
            "sellingGeneralAndAdministrative": "2185000000",
            "researchAndDevelopment": "None",
            "operatingExpenses": "2208000000",
            "investmentIncomeNet": "14000000",
            "netInterestIncome": "-32000000",
            "interestIncome": "14000000",
            "interestExpense": "32000000",
            "nonInterestIncome": "3896000000",
            "otherNonOperatingIncome": "14000000",
            "depreciation": "None",
            "depreciationAndAmortization": "139000000",
            "incomeBeforeTax": "757000000",
            "incomeTaxExpense": "162000000",
            "interestAndDebtExpense": "32000000",
            "netIncomeFromContinuingOperations": "598000000",
            "comprehensiveIncomeNetOfTax": "531000000",
            "ebit": "789000000",
            "ebitda": "928000000",
            "netIncome": "595000000"
        },
        {
            "fiscalDateEnding": "2019-06-30",
            "reportedCurrency": "USD",
            "grossProfit": "2755000000",
            "totalRevenue": "3590000000",
            "costOfRevenue": "3539000000",
            "costofGoodsAndServicesSold": "835000000",
            "operatingIncome": "216000000",
            "sellingGeneralAndAdministrative": "2422000000",
            "researchAndDevelopment": "None",
            "operatingExpenses": "2539000000",
            "investmentIncomeNet": "16000000",
            "netInterestIncome": "-32000000",
            "interestIncome": "16000000",
            "interestExpense": "32000000",
            "nonInterestIncome": "3590000000",
            "otherNonOperatingIncome": "16000000",
            "depreciation": "None",
            "depreciationAndAmortization": "150000000",
            "incomeBeforeTax": "198000000",
            "incomeTaxExpense": "41000000",
            "interestAndDebtExpense": "32000000",
            "netIncomeFromContinuingOperations": "216000000",
            "comprehensiveIncomeNetOfTax": "92000000",
            "ebit": "230000000",
            "ebitda": "380000000",
            "netIncome": "157000000"
        },
        {
            "fiscalDateEnding": "2019-03-31",
            "reportedCurrency": "USD",
            "grossProfit": "2925000000",
            "totalRevenue": "3785000000",
            "costOfRevenue": "3206000000",
            "costofGoodsAndServicesSold": "819000000",
            "operatingIncome": "674000000",
            "sellingGeneralAndAdministrative": "2170000000",
            "researchAndDevelopment": "None",
            "operatingExpenses": "2251000000",
            "investmentIncomeNet": "15000000",
            "netInterestIncome": "-32000000",
            "interestIncome": "17000000",
            "interestExpense": "32000000",
            "nonInterestIncome": "3817000000",
            "otherNonOperatingIncome": "15000000",
            "depreciation": "None",
            "depreciationAndAmortization": "134000000",
            "incomeBeforeTax": "725000000",
            "incomeTaxExpense": "170000000",
            "interestAndDebtExpense": "32000000",
            "netIncomeFromContinuingOperations": "557000000",
            "comprehensiveIncomeNetOfTax": "487000000",
            "ebit": "757000000",
            "ebitda": "891000000",
            "netIncome": "555000000"
        },
        {
            "fiscalDateEnding": "2018-12-31",
            "reportedCurrency": "USD",
            "grossProfit": "3095000000",
            "totalRevenue": "3963000000",
            "costOfRevenue": "3355000000",
            "costofGoodsAndServicesSold": "910000000",
            "operatingIncome": "771000000",
            "sellingGeneralAndAdministrative": "2257000000",
            "researchAndDevelopment": "None",
            "operatingExpenses": "2324000000",
            "investmentIncomeNet": "12000000",
            "netInterestIncome": "-35000000",
            "interestIncome": "None",
            "interestExpense": "35000000",
            "nonInterestIncome": "3998000000",
            "otherNonOperatingIncome": "12000000",
            "depreciation": "None",
            "depreciationAndAmortization": "133000000",
            "incomeBeforeTax": "744000000",
            "incomeTaxExpense": "171000000",
            "interestAndDebtExpense": "35000000",
            "netIncomeFromContinuingOperations": "577000000",
            "comprehensiveIncomeNetOfTax": "552000000",
            "ebit": "779000000",
            "ebitda": "912000000",
            "netIncome": "573000000"
        },
        {
            "fiscalDateEnding": "2018-09-30",
            "reportedCurrency": "USD",
            "grossProfit": "2701000000",
            "totalRevenue": "3473000000",
            "costOfRevenue": "3007000000",
            "costofGoodsAndServicesSold": "823000000",
            "operatingIncome": "652000000",
            "sellingGeneralAndAdministrative": "2008000000",
            "researchAndDevelopment": "None",
            "operatingExpenses": "2049000000",
            "investmentIncomeNet": "15000000",
            "netInterestIncome": "-34000000",
            "interestIncome": "None",
            "interestExpense": "34000000",
            "nonInterestIncome": "3507000000",
            "otherNonOperatingIncome": "15000000",
            "depreciation": "None",
            "depreciationAndAmortization": "129000000",
            "incomeBeforeTax": "631000000",
            "incomeTaxExpense": "131000000",
            "interestAndDebtExpense": "34000000",
            "netIncomeFromContinuingOperations": "502000000",
            "comprehensiveIncomeNetOfTax": "525000000",
            "ebit": "665000000",
            "ebitda": "794000000",
            "netIncome": "500000000"
        },
        {
            "fiscalDateEnding": "2018-06-30",
            "reportedCurrency": "USD",
            "grossProfit": "2598000000",
            "totalRevenue": "3295000000",
            "costOfRevenue": "3175000000",
            "costofGoodsAndServicesSold": "697000000",
            "operatingIncome": "278000000",
            "sellingGeneralAndAdministrative": "2287000000",
            "researchAndDevelopment": "181000000",
            "operatingExpenses": "2320000000",
            "investmentIncomeNet": "16000000",
            "netInterestIncome": "-32000000",
            "interestIncome": "None",
            "interestExpense": "32000000",
            "nonInterestIncome": "3295000000",
            "otherNonOperatingIncome": "16000000",
            "depreciation": "None",
            "depreciationAndAmortization": "140000000",
            "incomeBeforeTax": "259000000",
            "incomeTaxExpense": "73000000",
            "interestAndDebtExpense": "32000000",
            "netIncomeFromContinuingOperations": "277000000",
            "comprehensiveIncomeNetOfTax": "138000000",
            "ebit": "291000000",
            "ebitda": "431000000",
            "netIncome": "186000000"
        },
        {
            "fiscalDateEnding": "2018-03-31",
            "reportedCurrency": "USD",
            "grossProfit": "2687000000",
            "totalRevenue": "3311000000",
            "costOfRevenue": "3005000000",
            "costofGoodsAndServicesSold": "683000000",
            "operatingIncome": "498000000",
            "sellingGeneralAndAdministrative": "2092000000",
            "researchAndDevelopment": "None",
            "operatingExpenses": "2189000000",
            "investmentIncomeNet": "16000000",
            "netInterestIncome": "-33000000",
            "interestIncome": "None",
            "interestExpense": "33000000",
            "nonInterestIncome": "-26000000",
            "otherNonOperatingIncome": "16000000",
            "depreciation": "None",
            "depreciationAndAmortization": "129000000",
            "incomeBeforeTax": "478000000",
            "incomeTaxExpense": "106000000",
            "interestAndDebtExpense": "33000000",
            "netIncomeFromContinuingOperations": "374000000",
            "comprehensiveIncomeNetOfTax": "425000000",
            "ebit": "511000000",
            "ebitda": "640000000",
            "netIncome": "372000000"
        }
    ]
}