{
    "symbol": "FE",
    "annualReports": [
        {
            "fiscalDateEnding": "2022-12-31",
            "reportedCurrency": "USD",
            "grossProfit": "10573000000",
            "totalRevenue": "12459000000",
            "costOfRevenue": "1886000000",
            "costofGoodsAndServicesSold": "730000000",
            "operatingIncome": "1910000000",
            "sellingGeneralAndAdministrative": "1129000000",
            "researchAndDevelopment": "None",
            "operatingExpenses": "4973000000",
            "investmentIncomeNet": "None",
            "netInterestIncome": "-1039000000",
            "interestIncome": "787000000",
            "interestExpense": "1039000000",
            "nonInterestIncome": "-171000000",
            "otherNonOperatingIncome": "415000000",
            "depreciation": "1375000000",
            "depreciationAndAmortization": "13000000",
            "incomeBeforeTax": "1406000000",
            "incomeTaxExpense": "1000000000",
            "interestAndDebtExpense": "1210000000",
            "netIncomeFromContinuingOperations": "439000000",
            "comprehensiveIncomeNetOfTax": "407000000",
            "ebit": "2445000000",
            "ebitda": "2458000000",
            "netIncome": "406000000"
        },
        {
            "fiscalDateEnding": "2021-12-31",
            "reportedCurrency": "USD",
            "grossProfit": "9551000000",
            "totalRevenue": "11132000000",
            "costOfRevenue": "1581000000",
            "costofGoodsAndServicesSold": "481000000",
            "operatingIncome": "1726000000",
            "sellingGeneralAndAdministrative": "1073000000",
            "researchAndDevelopment": "None",
            "operatingExpenses": "3928000000",
            "investmentIncomeNet": "517000000",
            "netInterestIncome": "-1141000000",
            "interestIncome": "-2000000",
            "interestExpense": "1139000000",
            "nonInterestIncome": "11221000000",
            "otherNonOperatingIncome": "486000000",
            "depreciation": "1302000000",
            "depreciationAndAmortization": "14000000",
            "incomeBeforeTax": "1603000000",
            "incomeTaxExpense": "320000000",
            "interestAndDebtExpense": "1141000000",
            "netIncomeFromContinuingOperations": "1239000000",
            "comprehensiveIncomeNetOfTax": "1273000000",
            "ebit": "2742000000",
            "ebitda": "2756000000",
            "netIncome": "1283000000"
        },
        {
            "fiscalDateEnding": "2020-12-31",
            "reportedCurrency": "USD",
            "grossProfit": "9306000000",
            "totalRevenue": "10790000000",
            "costOfRevenue": "1484000000",
            "costofGoodsAndServicesSold": "369000000",
            "operatingIncome": "2162000000",
            "sellingGeneralAndAdministrative": "1046000000",
            "researchAndDevelopment": "None",
            "operatingExpenses": "3747000000",
            "investmentIncomeNet": "432000000",
            "netInterestIncome": "-1065000000",
            "interestIncome": "988000000",
            "interestExpense": "1065000000",
            "nonInterestIncome": "10701000000",
            "otherNonOperatingIncome": "430000000",
            "depreciation": "1274000000",
            "depreciationAndAmortization": "22000000",
            "incomeBeforeTax": "1205000000",
            "incomeTaxExpense": "126000000",
            "interestAndDebtExpense": "1065000000",
            "netIncomeFromContinuingOperations": "1003000000",
            "comprehensiveIncomeNetOfTax": "1054000000",
            "ebit": "2270000000",
            "ebitda": "2292000000",
            "netIncome": "1079000000"
        },
        {
            "fiscalDateEnding": "2019-12-31",
            "reportedCurrency": "USD",
            "grossProfit": "9459000000",
            "totalRevenue": "11035000000",
            "costOfRevenue": "1576000000",
            "costofGoodsAndServicesSold": "497000000",
            "operatingIncome": "2510000000",
            "sellingGeneralAndAdministrative": "1008000000",
            "researchAndDevelopment": "None",
            "operatingExpenses": "3935000000",
            "investmentIncomeNet": "243000000",
            "netInterestIncome": "-1033000000",
            "interestIncome": "962000000",
            "interestExpense": "1033000000",
            "nonInterestIncome": "10805000000",
            "otherNonOperatingIncome": "-431000000",
            "depreciation": "1220000000",
            "depreciationAndAmortization": "25000000",
            "incomeBeforeTax": "1125000000",
            "incomeTaxExpense": "213000000",
            "interestAndDebtExpense": "1033000000",
            "netIncomeFromContinuingOperations": "904000000",
            "comprehensiveIncomeNetOfTax": "891000000",
            "ebit": "2158000000",
            "ebitda": "2183000000",
            "netIncome": "912000000"
        },
        {
            "fiscalDateEnding": "2018-12-31",
            "reportedCurrency": "USD",
            "grossProfit": "9634000000",
            "totalRevenue": "11261000000",
            "costOfRevenue": "1627000000",
            "costofGoodsAndServicesSold": "538000000",
            "operatingIncome": "2502000000",
            "sellingGeneralAndAdministrative": "1041000000",
            "researchAndDevelopment": "None",
            "operatingExpenses": "4150000000",
            "investmentIncomeNet": "205000000",
            "netInterestIncome": "-1116000000",
            "interestIncome": "1051000000",
            "interestExpense": "1116000000",
            "nonInterestIncome": "10944000000",
            "otherNonOperatingIncome": "61000000",
            "depreciation": "1136000000",
            "depreciationAndAmortization": "8000000",
            "incomeBeforeTax": "1838000000",
            "incomeTaxExpense": "490000000",
            "interestAndDebtExpense": "1116000000",
            "netIncomeFromContinuingOperations": "1022000000",
            "comprehensiveIncomeNetOfTax": "1247000000",
            "ebit": "2954000000",
            "ebitda": "2962000000",
            "netIncome": "1348000000"
        }
    ],
    "quarterlyReports": [
        {
            "fiscalDateEnding": "2022-12-31",
            "reportedCurrency": "USD",
            "grossProfit": "1830000000",
            "totalRevenue": "3177000000",
            "costOfRevenue": "1347000000",
            "costofGoodsAndServicesSold": "191000000",
            "operatingIncome": "399000000",
            "sellingGeneralAndAdministrative": "1268000000",
            "researchAndDevelopment": "None",
            "operatingExpenses": "2117000000",
            "investmentIncomeNet": "None",
            "netInterestIncome": "-251000000",
            "interestIncome": "58000000",
            "interestExpense": "251000000",
            "nonInterestIncome": "-16000000",
            "otherNonOperatingIncome": "-19000000",
            "depreciation": "355000000",
            "depreciationAndAmortization": "274000000",
            "incomeBeforeTax": "360000000",
            "incomeTaxExpense": "763000000",
            "interestAndDebtExpense": "267000000",
            "netIncomeFromContinuingOperations": "-370000000",
            "comprehensiveIncomeNetOfTax": "-404000000",
            "ebit": "611000000",
            "ebitda": "939000000",
            "netIncome": "-403000000"
        },
        {
            "fiscalDateEnding": "2022-09-30",
            "reportedCurrency": "USD",
            "grossProfit": "3266000000",
            "totalRevenue": "3475000000",
            "costOfRevenue": "209000000",
            "costofGoodsAndServicesSold": "209000000",
            "operatingIncome": "505000000",
            "sellingGeneralAndAdministrative": "1406000000",
            "researchAndDevelopment": "None",
            "operatingExpenses": "1111000000",
            "investmentIncomeNet": "None",
            "netInterestIncome": "-248000000",
            "interestIncome": "225000000",
            "interestExpense": "248000000",
            "nonInterestIncome": "1000000",
            "otherNonOperatingIncome": "168000000",
            "depreciation": "332000000",
            "depreciationAndAmortization": "349000000",
            "incomeBeforeTax": "439000000",
            "incomeTaxExpense": "105000000",
            "interestAndDebtExpense": "247000000",
            "netIncomeFromContinuingOperations": "334000000",
            "comprehensiveIncomeNetOfTax": "333000000",
            "ebit": "687000000",
            "ebitda": "1013000000",
            "netIncome": "334000000"
        },
        {
            "fiscalDateEnding": "2022-06-30",
            "reportedCurrency": "USD",
            "grossProfit": "2628000000",
            "totalRevenue": "2818000000",
            "costOfRevenue": "190000000",
            "costofGoodsAndServicesSold": "190000000",
            "operatingIncome": "447000000",
            "sellingGeneralAndAdministrative": "1160000000",
            "researchAndDevelopment": "None",
            "operatingExpenses": "896000000",
            "investmentIncomeNet": "None",
            "netInterestIncome": "-265000000",
            "interestIncome": "248000000",
            "interestExpense": "265000000",
            "nonInterestIncome": "2688000000",
            "otherNonOperatingIncome": "160000000",
            "depreciation": "348000000",
            "depreciationAndAmortization": "335000000",
            "incomeBeforeTax": "236000000",
            "incomeTaxExpense": "49000000",
            "interestAndDebtExpense": "383000000",
            "netIncomeFromContinuingOperations": "192000000",
            "comprehensiveIncomeNetOfTax": "191000000",
            "ebit": "501000000",
            "ebitda": "819000000",
            "netIncome": "187000000"
        },
        {
            "fiscalDateEnding": "2022-03-31",
            "reportedCurrency": "USD",
            "grossProfit": "2849000000",
            "totalRevenue": "2989000000",
            "costOfRevenue": "140000000",
            "costofGoodsAndServicesSold": "140000000",
            "operatingIncome": "559000000",
            "sellingGeneralAndAdministrative": "1112000000",
            "researchAndDevelopment": "None",
            "operatingExpenses": "815000000",
            "investmentIncomeNet": "None",
            "netInterestIncome": "-313000000",
            "interestIncome": "256000000",
            "interestExpense": "313000000",
            "nonInterestIncome": "2970000000",
            "otherNonOperatingIncome": "106000000",
            "depreciation": "340000000",
            "depreciationAndAmortization": "359000000",
            "incomeBeforeTax": "371000000",
            "incomeTaxExpense": "83000000",
            "interestAndDebtExpense": "313000000",
            "netIncomeFromContinuingOperations": "288000000",
            "comprehensiveIncomeNetOfTax": "287000000",
            "ebit": "684000000",
            "ebitda": "1024000000",
            "netIncome": "288000000"
        },
        {
            "fiscalDateEnding": "2021-12-31",
            "reportedCurrency": "USD",
            "grossProfit": "1441000000",
            "totalRevenue": "2660000000",
            "costOfRevenue": "1219000000",
            "costofGoodsAndServicesSold": "119000000",
            "operatingIncome": "224000000",
            "sellingGeneralAndAdministrative": "1131000000",
            "researchAndDevelopment": "None",
            "operatingExpenses": "1451000000",
            "investmentIncomeNet": "None",
            "netInterestIncome": "-286000000",
            "interestIncome": "-2000000",
            "interestExpense": "284000000",
            "nonInterestIncome": "2646000000",
            "otherNonOperatingIncome": "107000000",
            "depreciation": "330000000",
            "depreciationAndAmortization": "439000000",
            "incomeBeforeTax": "476000000",
            "incomeTaxExpense": "49000000",
            "interestAndDebtExpense": "286000000",
            "netIncomeFromContinuingOperations": "430000000",
            "comprehensiveIncomeNetOfTax": "423000000",
            "ebit": "760000000",
            "ebitda": "1180000000",
            "netIncome": "427000000"
        },
        {
            "fiscalDateEnding": "2021-09-30",
            "reportedCurrency": "USD",
            "grossProfit": "2992000000",
            "totalRevenue": "3124000000",
            "costOfRevenue": "132000000",
            "costofGoodsAndServicesSold": "132000000",
            "operatingIncome": "631000000",
            "sellingGeneralAndAdministrative": "1131000000",
            "researchAndDevelopment": "None",
            "operatingExpenses": "856000000",
            "investmentIncomeNet": "None",
            "netInterestIncome": "-283000000",
            "interestIncome": "263000000",
            "interestExpense": "283000000",
            "nonInterestIncome": "3113000000",
            "otherNonOperatingIncome": "136000000",
            "depreciation": "326000000",
            "depreciationAndAmortization": "331000000",
            "incomeBeforeTax": "551000000",
            "incomeTaxExpense": "88000000",
            "interestAndDebtExpense": "283000000",
            "netIncomeFromContinuingOperations": "416000000",
            "comprehensiveIncomeNetOfTax": "461000000",
            "ebit": "834000000",
            "ebitda": "1145000000",
            "netIncome": "463000000"
        },
        {
            "fiscalDateEnding": "2021-06-30",
            "reportedCurrency": "USD",
            "grossProfit": "2510000000",
            "totalRevenue": "2622000000",
            "costOfRevenue": "112000000",
            "costofGoodsAndServicesSold": "112000000",
            "operatingIncome": "312000000",
            "sellingGeneralAndAdministrative": "982000000",
            "researchAndDevelopment": "None",
            "operatingExpenses": "948000000",
            "investmentIncomeNet": "None",
            "netInterestIncome": "-287000000",
            "interestIncome": "266000000",
            "interestExpense": "287000000",
            "nonInterestIncome": "2610000000",
            "otherNonOperatingIncome": "108000000",
            "depreciation": "323000000",
            "depreciationAndAmortization": "377000000",
            "incomeBeforeTax": "154000000",
            "incomeTaxExpense": "96000000",
            "interestAndDebtExpense": "287000000",
            "netIncomeFromContinuingOperations": "58000000",
            "comprehensiveIncomeNetOfTax": "56000000",
            "ebit": "441000000",
            "ebitda": "797000000",
            "netIncome": "58000000"
        },
        {
            "fiscalDateEnding": "2021-03-31",
            "reportedCurrency": "USD",
            "grossProfit": "2608000000",
            "totalRevenue": "2726000000",
            "costOfRevenue": "118000000",
            "costofGoodsAndServicesSold": "118000000",
            "operatingIncome": "559000000",
            "sellingGeneralAndAdministrative": "1025000000",
            "researchAndDevelopment": "None",
            "operatingExpenses": "648000000",
            "investmentIncomeNet": "None",
            "netInterestIncome": "-285000000",
            "interestIncome": "272000000",
            "interestExpense": "285000000",
            "nonInterestIncome": "2852000000",
            "otherNonOperatingIncome": "135000000",
            "depreciation": "323000000",
            "depreciationAndAmortization": "454000000",
            "incomeBeforeTax": "422000000",
            "incomeTaxExpense": "87000000",
            "interestAndDebtExpense": "285000000",
            "netIncomeFromContinuingOperations": "335000000",
            "comprehensiveIncomeNetOfTax": "333000000",
            "ebit": "707000000",
            "ebitda": "1148000000",
            "netIncome": "335000000"
        },
        {
            "fiscalDateEnding": "2020-12-31",
            "reportedCurrency": "USD",
            "grossProfit": "1329000000",
            "totalRevenue": "2537000000",
            "costOfRevenue": "1208000000",
            "costofGoodsAndServicesSold": "93000000",
            "operatingIncome": "394000000",
            "sellingGeneralAndAdministrative": "54000000",
            "researchAndDevelopment": "None",
            "operatingExpenses": "1219000000",
            "investmentIncomeNet": "None",
            "netInterestIncome": "-273000000",
            "interestIncome": "253000000",
            "interestExpense": "273000000",
            "nonInterestIncome": "2596000000",
            "otherNonOperatingIncome": "127000000",
            "depreciation": "320000000",
            "depreciationAndAmortization": "395000000",
            "incomeBeforeTax": "246000000",
            "incomeTaxExpense": "4000000",
            "interestAndDebtExpense": "273000000",
            "netIncomeFromContinuingOperations": "212000000",
            "comprehensiveIncomeNetOfTax": "239000000",
            "ebit": "519000000",
            "ebitda": "894000000",
            "netIncome": "242000000"
        },
        {
            "fiscalDateEnding": "2020-09-30",
            "reportedCurrency": "USD",
            "grossProfit": "2921000000",
            "totalRevenue": "3022000000",
            "costOfRevenue": "101000000",
            "costofGoodsAndServicesSold": "101000000",
            "operatingIncome": "721000000",
            "sellingGeneralAndAdministrative": "1209000000",
            "researchAndDevelopment": "None",
            "operatingExpenses": "937000000",
            "investmentIncomeNet": "None",
            "netInterestIncome": "-266000000",
            "interestIncome": "245000000",
            "interestExpense": "266000000",
            "nonInterestIncome": "2983000000",
            "otherNonOperatingIncome": "100000000",
            "depreciation": "316000000",
            "depreciationAndAmortization": "202000000",
            "incomeBeforeTax": "570000000",
            "incomeTaxExpense": "116000000",
            "interestAndDebtExpense": "266000000",
            "netIncomeFromContinuingOperations": "460000000",
            "comprehensiveIncomeNetOfTax": "452000000",
            "ebit": "836000000",
            "ebitda": "1017000000",
            "netIncome": "454000000"
        },
        {
            "fiscalDateEnding": "2020-06-30",
            "reportedCurrency": "USD",
            "grossProfit": "2445000000",
            "totalRevenue": "2522000000",
            "costOfRevenue": "77000000",
            "costofGoodsAndServicesSold": "77000000",
            "operatingIncome": "515000000",
            "sellingGeneralAndAdministrative": "983000000",
            "researchAndDevelopment": "None",
            "operatingExpenses": "730000000",
            "investmentIncomeNet": "None",
            "netInterestIncome": "-263000000",
            "interestIncome": "245000000",
            "interestExpense": "263000000",
            "nonInterestIncome": "2493000000",
            "otherNonOperatingIncome": "103000000",
            "depreciation": "321000000",
            "depreciationAndAmortization": "307000000",
            "incomeBeforeTax": "375000000",
            "incomeTaxExpense": "66000000",
            "interestAndDebtExpense": "263000000",
            "netIncomeFromContinuingOperations": "307000000",
            "comprehensiveIncomeNetOfTax": "307000000",
            "ebit": "638000000",
            "ebitda": "927000000",
            "netIncome": "309000000"
        },
        {
            "fiscalDateEnding": "2020-03-31",
            "reportedCurrency": "USD",
            "grossProfit": "2611000000",
            "totalRevenue": "2709000000",
            "costOfRevenue": "98000000",
            "costofGoodsAndServicesSold": "98000000",
            "operatingIncome": "532000000",
            "sellingGeneralAndAdministrative": "423000000",
            "researchAndDevelopment": "None",
            "operatingExpenses": "768000000",
            "investmentIncomeNet": "None",
            "netInterestIncome": "-263000000",
            "interestIncome": "245000000",
            "interestExpense": "263000000",
            "nonInterestIncome": "2629000000",
            "otherNonOperatingIncome": "100000000",
            "depreciation": "317000000",
            "depreciationAndAmortization": "295000000",
            "incomeBeforeTax": "14000000",
            "incomeTaxExpense": "-60000000",
            "interestAndDebtExpense": "263000000",
            "netIncomeFromContinuingOperations": "24000000",
            "comprehensiveIncomeNetOfTax": "56000000",
            "ebit": "277000000",
            "ebitda": "554000000",
            "netIncome": "74000000"
        },
        {
            "fiscalDateEnding": "2019-12-31",
            "reportedCurrency": "USD",
            "grossProfit": "2673000000",
            "totalRevenue": "2673000000",
            "costOfRevenue": "1181000000",
            "costofGoodsAndServicesSold": "115000000",
            "operatingIncome": "615000000",
            "sellingGeneralAndAdministrative": "1060000000",
            "researchAndDevelopment": "None",
            "operatingExpenses": "809000000",
            "investmentIncomeNet": "None",
            "netInterestIncome": "-260000000",
            "interestIncome": "242000000",
            "interestExpense": "260000000",
            "nonInterestIncome": "2625000000",
            "otherNonOperatingIncome": "-622000000",
            "depreciation": "310000000",
            "depreciationAndAmortization": "12000000",
            "incomeBeforeTax": "-179000000",
            "incomeTaxExpense": "-68000000",
            "interestAndDebtExpense": "260000000",
            "netIncomeFromContinuingOperations": "-181000000",
            "comprehensiveIncomeNetOfTax": "-118000000",
            "ebit": "81000000",
            "ebitda": "93000000",
            "netIncome": "-111000000"
        },
        {
            "fiscalDateEnding": "2019-09-30",
            "reportedCurrency": "USD",
            "grossProfit": "2837000000",
            "totalRevenue": "2963000000",
            "costOfRevenue": "126000000",
            "costofGoodsAndServicesSold": "122000000",
            "operatingIncome": "681000000",
            "sellingGeneralAndAdministrative": "1015000000",
            "researchAndDevelopment": "None",
            "operatingExpenses": "762000000",
            "investmentIncomeNet": "None",
            "netInterestIncome": "-261000000",
            "interestIncome": "242000000",
            "interestExpense": "261000000",
            "nonInterestIncome": "2926000000",
            "otherNonOperatingIncome": "57000000",
            "depreciation": "304000000",
            "depreciationAndAmortization": "4000000",
            "incomeBeforeTax": "498000000",
            "incomeTaxExpense": "107000000",
            "interestAndDebtExpense": "261000000",
            "netIncomeFromContinuingOperations": "389000000",
            "comprehensiveIncomeNetOfTax": "387000000",
            "ebit": "759000000",
            "ebitda": "763000000",
            "netIncome": "391000000"
        },
        {
            "fiscalDateEnding": "2019-06-30",
            "reportedCurrency": "USD",
            "grossProfit": "2383000000",
            "totalRevenue": "2516000000",
            "costOfRevenue": "133000000",
            "costofGoodsAndServicesSold": "129000000",
            "operatingIncome": "585000000",
            "sellingGeneralAndAdministrative": "845000000",
            "researchAndDevelopment": "None",
            "operatingExpenses": "610000000",
            "investmentIncomeNet": "None",
            "netInterestIncome": "-259000000",
            "interestIncome": "243000000",
            "interestExpense": "259000000",
            "nonInterestIncome": "2448000000",
            "otherNonOperatingIncome": "80000000",
            "depreciation": "309000000",
            "depreciationAndAmortization": "4000000",
            "incomeBeforeTax": "393000000",
            "incomeTaxExpense": "81000000",
            "interestAndDebtExpense": "259000000",
            "netIncomeFromContinuingOperations": "341000000",
            "comprehensiveIncomeNetOfTax": "307000000",
            "ebit": "652000000",
            "ebitda": "656000000",
            "netIncome": "312000000"
        },
        {
            "fiscalDateEnding": "2019-03-31",
            "reportedCurrency": "USD",
            "grossProfit": "2747000000",
            "totalRevenue": "2883000000",
            "costOfRevenue": "136000000",
            "costofGoodsAndServicesSold": "131000000",
            "operatingIncome": "629000000",
            "sellingGeneralAndAdministrative": "1040000000",
            "researchAndDevelopment": "None",
            "operatingExpenses": "784000000",
            "investmentIncomeNet": "None",
            "netInterestIncome": "-253000000",
            "interestIncome": "None",
            "interestExpense": "253000000",
            "nonInterestIncome": "2806000000",
            "otherNonOperatingIncome": "54000000",
            "depreciation": "297000000",
            "depreciationAndAmortization": "5000000",
            "incomeBeforeTax": "413000000",
            "incomeTaxExpense": "93000000",
            "interestAndDebtExpense": "253000000",
            "netIncomeFromContinuingOperations": "355000000",
            "comprehensiveIncomeNetOfTax": "315000000",
            "ebit": "666000000",
            "ebitda": "671000000",
            "netIncome": "320000000"
        },
        {
            "fiscalDateEnding": "2018-12-31",
            "reportedCurrency": "USD",
            "grossProfit": "2710000000",
            "totalRevenue": "2710000000",
            "costOfRevenue": "1411000000",
            "costofGoodsAndServicesSold": "134000000",
            "operatingIncome": "512000000",
            "sellingGeneralAndAdministrative": "144000000",
            "researchAndDevelopment": "None",
            "operatingExpenses": "770000000",
            "investmentIncomeNet": "None",
            "netInterestIncome": "-258000000",
            "interestIncome": "None",
            "interestExpense": "258000000",
            "nonInterestIncome": "2631000000",
            "otherNonOperatingIncome": "-103000000",
            "depreciation": "293000000",
            "depreciationAndAmortization": "196000000",
            "incomeBeforeTax": "173000000",
            "incomeTaxExpense": "35000000",
            "interestAndDebtExpense": "258000000",
            "netIncomeFromContinuingOperations": "182000000",
            "comprehensiveIncomeNetOfTax": "118000000",
            "ebit": "431000000",
            "ebitda": "627000000",
            "netIncome": "138000000"
        },
        {
            "fiscalDateEnding": "2018-09-30",
            "reportedCurrency": "USD",
            "grossProfit": "2860000000",
            "totalRevenue": "3064000000",
            "costOfRevenue": "204000000",
            "costofGoodsAndServicesSold": "137000000",
            "operatingIncome": "710000000",
            "sellingGeneralAndAdministrative": "991000000",
            "researchAndDevelopment": "None",
            "operatingExpenses": "806000000",
            "investmentIncomeNet": "None",
            "netInterestIncome": "-255000000",
            "interestIncome": "None",
            "interestExpense": "255000000",
            "nonInterestIncome": "2986000000",
            "otherNonOperatingIncome": "49000000",
            "depreciation": "283000000",
            "depreciationAndAmortization": "67000000",
            "incomeBeforeTax": "-337000000",
            "incomeTaxExpense": "121000000",
            "interestAndDebtExpense": "255000000",
            "netIncomeFromContinuingOperations": "387000000",
            "comprehensiveIncomeNetOfTax": "-470000000",
            "ebit": "-82000000",
            "ebitda": "-15000000",
            "netIncome": "-458000000"
        },
        {
            "fiscalDateEnding": "2018-06-30",
            "reportedCurrency": "USD",
            "grossProfit": "4196000000",
            "totalRevenue": "2625000000",
            "costOfRevenue": "768000000",
            "costofGoodsAndServicesSold": "875000000",
            "operatingIncome": "700000000",
            "sellingGeneralAndAdministrative": "950000000",
            "researchAndDevelopment": "None",
            "operatingExpenses": "598000000",
            "investmentIncomeNet": "None",
            "netInterestIncome": "-369000000",
            "interestIncome": "-14000000",
            "interestExpense": "355000000",
            "nonInterestIncome": "2629000000",
            "otherNonOperatingIncome": "48000000",
            "depreciation": "283000000",
            "depreciationAndAmortization": "-107000000",
            "incomeBeforeTax": "400000000",
            "incomeTaxExpense": "101000000",
            "interestAndDebtExpense": "355000000",
            "netIncomeFromContinuingOperations": "267000000",
            "comprehensiveIncomeNetOfTax": "286000000",
            "ebit": "755000000",
            "ebitda": "648000000",
            "netIncome": "299000000"
        },
        {
            "fiscalDateEnding": "2018-03-31",
            "reportedCurrency": "USD",
            "grossProfit": "4754000000",
            "totalRevenue": "2862000000",
            "costOfRevenue": "864000000",
            "costofGoodsAndServicesSold": "1012000000",
            "operatingIncome": "580000000",
            "sellingGeneralAndAdministrative": "1221000000",
            "researchAndDevelopment": "None",
            "operatingExpenses": "814000000",
            "investmentIncomeNet": "None",
            "netInterestIncome": "-250000000",
            "interestIncome": "-2000000",
            "interestExpense": "248000000",
            "nonInterestIncome": "2892000000",
            "otherNonOperatingIncome": "67000000",
            "depreciation": "277000000",
            "depreciationAndAmortization": "-148000000",
            "incomeBeforeTax": "1602000000",
            "incomeTaxExpense": "233000000",
            "interestAndDebtExpense": "248000000",
            "netIncomeFromContinuingOperations": "177000000",
            "comprehensiveIncomeNetOfTax": "1313000000",
            "ebit": "1850000000",
            "ebitda": "1702000000",
            "netIncome": "1369000000"
        }
    ]
}