{
    "symbol": "HAL",
    "annualReports": [
        {
            "fiscalDateEnding": "2022-12-31",
            "reportedCurrency": "USD",
            "grossProfit": "19562000000",
            "totalRevenue": "20258000000",
            "costOfRevenue": "696000000",
            "costofGoodsAndServicesSold": "70000000",
            "operatingIncome": "2707000000",
            "sellingGeneralAndAdministrative": "240000000",
            "researchAndDevelopment": "345000000",
            "operatingExpenses": "971000000",
            "investmentIncomeNet": "117000000",
            "netInterestIncome": "-375000000",
            "interestIncome": "375000000",
            "interestExpense": "375000000",
            "nonInterestIncome": "20255000000",
            "otherNonOperatingIncome": "-180000000",
            "depreciation": "None",
            "depreciationAndAmortization": "20000000",
            "incomeBeforeTax": "2087000000",
            "incomeTaxExpense": "515000000",
            "interestAndDebtExpense": "42000000",
            "netIncomeFromContinuingOperations": "1595000000",
            "comprehensiveIncomeNetOfTax": "1525000000",
            "ebit": "2707000000",
            "ebitda": "2727000000",
            "netIncome": "1572000000"
        },
        {
            "fiscalDateEnding": "2021-12-31",
            "reportedCurrency": "USD",
            "grossProfit": "15063000000",
            "totalRevenue": "15299000000",
            "costOfRevenue": "236000000",
            "costofGoodsAndServicesSold": "13256000000",
            "operatingIncome": "1800000000",
            "sellingGeneralAndAdministrative": "204000000",
            "researchAndDevelopment": "321000000",
            "operatingExpenses": "557000000",
            "investmentIncomeNet": "60000000",
            "netInterestIncome": "-469000000",
            "interestIncome": "469000000",
            "interestExpense": "469000000",
            "nonInterestIncome": "15295000000",
            "otherNonOperatingIncome": "-79000000",
            "depreciation": "None",
            "depreciationAndAmortization": "20000000",
            "incomeBeforeTax": "1241000000",
            "incomeTaxExpense": "-216000000",
            "interestAndDebtExpense": "0",
            "netIncomeFromContinuingOperations": "1516000000",
            "comprehensiveIncomeNetOfTax": "1636000000",
            "ebit": "1800000000",
            "ebitda": "1820000000",
            "netIncome": "1457000000"
        },
        {
            "fiscalDateEnding": "2020-12-31",
            "reportedCurrency": "USD",
            "grossProfit": "9775000000",
            "totalRevenue": "14281000000",
            "costOfRevenue": "4506000000",
            "costofGoodsAndServicesSold": "505000000",
            "operatingIncome": "-2436000000",
            "sellingGeneralAndAdministrative": "182000000",
            "researchAndDevelopment": "309000000",
            "operatingExpenses": "4310000000",
            "investmentIncomeNet": "38000000",
            "netInterestIncome": "-505000000",
            "interestIncome": "505000000",
            "interestExpense": "505000000",
            "nonInterestIncome": "14277000000",
            "otherNonOperatingIncome": "-111000000",
            "depreciation": "None",
            "depreciationAndAmortization": "19000000",
            "incomeBeforeTax": "-3223000000",
            "incomeTaxExpense": "-278000000",
            "interestAndDebtExpense": "168000000",
            "netIncomeFromContinuingOperations": "-2942000000",
            "comprehensiveIncomeNetOfTax": "-2945000000",
            "ebit": "-2436000000",
            "ebitda": "-2417000000",
            "netIncome": "-2945000000"
        },
        {
            "fiscalDateEnding": "2019-12-31",
            "reportedCurrency": "USD",
            "grossProfit": "19203000000",
            "totalRevenue": "22413000000",
            "costOfRevenue": "3210000000",
            "costofGoodsAndServicesSold": "458000000",
            "operatingIncome": "-448000000",
            "sellingGeneralAndAdministrative": "227000000",
            "researchAndDevelopment": "404000000",
            "operatingExpenses": "3156000000",
            "investmentIncomeNet": "23000000",
            "netInterestIncome": "-569000000",
            "interestIncome": "569000000",
            "interestExpense": "569000000",
            "nonInterestIncome": "22408000000",
            "otherNonOperatingIncome": "-105000000",
            "depreciation": "None",
            "depreciationAndAmortization": "19000000",
            "incomeBeforeTax": "-1124000000",
            "incomeTaxExpense": "7000000",
            "interestAndDebtExpense": "0",
            "netIncomeFromContinuingOperations": "-1131000000",
            "comprehensiveIncomeNetOfTax": "-1139000000",
            "ebit": "-448000000",
            "ebitda": "-429000000",
            "netIncome": "-1131000000"
        },
        {
            "fiscalDateEnding": "2018-12-31",
            "reportedCurrency": "USD",
            "grossProfit": "23476000000",
            "totalRevenue": "23995000000",
            "costOfRevenue": "519000000",
            "costofGoodsAndServicesSold": "21009000000",
            "operatingIncome": "2467000000",
            "sellingGeneralAndAdministrative": "254000000",
            "researchAndDevelopment": "390000000",
            "operatingExpenses": "909000000",
            "investmentIncomeNet": "44000000",
            "netInterestIncome": "-554000000",
            "interestIncome": "554000000",
            "interestExpense": "554000000",
            "nonInterestIncome": "23995000000",
            "otherNonOperatingIncome": "-99000000",
            "depreciation": "None",
            "depreciationAndAmortization": "None",
            "incomeBeforeTax": "1813000000",
            "incomeTaxExpense": "157000000",
            "interestAndDebtExpense": "0",
            "netIncomeFromContinuingOperations": "1656000000",
            "comprehensiveIncomeNetOfTax": "1770000000",
            "ebit": "2467000000",
            "ebitda": "2367000000",
            "netIncome": "1656000000"
        }
    ],
    "quarterlyReports": [
        {
            "fiscalDateEnding": "2022-12-31",
            "reportedCurrency": "USD",
            "grossProfit": "5503000000",
            "totalRevenue": "5585000000",
            "costOfRevenue": "82000000",
            "costofGoodsAndServicesSold": "0",
            "operatingIncome": "976000000",
            "sellingGeneralAndAdministrative": "62000000",
            "researchAndDevelopment": "None",
            "operatingExpenses": "427000000",
            "investmentIncomeNet": "43000000",
            "netInterestIncome": "-74000000",
            "interestIncome": "74000000",
            "interestExpense": "-74000000",
            "nonInterestIncome": "5582000000",
            "otherNonOperatingIncome": "-60000000",
            "depreciation": "None",
            "depreciationAndAmortization": "236000000",
            "incomeBeforeTax": "833000000",
            "incomeTaxExpense": "177000000",
            "interestAndDebtExpense": "0",
            "netIncomeFromContinuingOperations": "665000000",
            "comprehensiveIncomeNetOfTax": "608000000",
            "ebit": "976000000",
            "ebitda": "995000000",
            "netIncome": "656000000"
        },
        {
            "fiscalDateEnding": "2022-09-30",
            "reportedCurrency": "USD",
            "grossProfit": "5298000000",
            "totalRevenue": "5357000000",
            "costOfRevenue": "59000000",
            "costofGoodsAndServicesSold": "0",
            "operatingIncome": "846000000",
            "sellingGeneralAndAdministrative": "59000000",
            "researchAndDevelopment": "None",
            "operatingExpenses": "59000000",
            "investmentIncomeNet": "31000000",
            "netInterestIncome": "-93000000",
            "interestIncome": "93000000",
            "interestExpense": "124000000",
            "nonInterestIncome": "5357000000",
            "otherNonOperatingIncome": "-48000000",
            "depreciation": "None",
            "depreciationAndAmortization": "234000000",
            "incomeBeforeTax": "700000000",
            "incomeTaxExpense": "156000000",
            "interestAndDebtExpense": "0",
            "netIncomeFromContinuingOperations": "549000000",
            "comprehensiveIncomeNetOfTax": "541000000",
            "ebit": "846000000",
            "ebitda": "1058000000",
            "netIncome": "544000000"
        },
        {
            "fiscalDateEnding": "2022-06-30",
            "reportedCurrency": "USD",
            "grossProfit": "4593000000",
            "totalRevenue": "5074000000",
            "costOfRevenue": "481000000",
            "costofGoodsAndServicesSold": "70000000",
            "operatingIncome": "374000000",
            "sellingGeneralAndAdministrative": "67000000",
            "researchAndDevelopment": "None",
            "operatingExpenses": "411000000",
            "investmentIncomeNet": "24000000",
            "netInterestIncome": "-101000000",
            "interestIncome": "24000000",
            "interestExpense": "125000000",
            "nonInterestIncome": "5074000000",
            "otherNonOperatingIncome": "-42000000",
            "depreciation": "None",
            "depreciationAndAmortization": "470000000",
            "incomeBeforeTax": "223000000",
            "incomeTaxExpense": "114000000",
            "interestAndDebtExpense": "0",
            "netIncomeFromContinuingOperations": "117000000",
            "comprehensiveIncomeNetOfTax": "108000000",
            "ebit": "374000000",
            "ebitda": "818000000",
            "netIncome": "109000000"
        },
        {
            "fiscalDateEnding": "2022-03-31",
            "reportedCurrency": "USD",
            "grossProfit": "4168000000",
            "totalRevenue": "4242000000",
            "costOfRevenue": "74000000",
            "costofGoodsAndServicesSold": "0",
            "operatingIncome": "511000000",
            "sellingGeneralAndAdministrative": "52000000",
            "researchAndDevelopment": "None",
            "operatingExpenses": "74000000",
            "investmentIncomeNet": "19000000",
            "netInterestIncome": "-107000000",
            "interestIncome": "19000000",
            "interestExpense": "126000000",
            "nonInterestIncome": "4242000000",
            "otherNonOperatingIncome": "-30000000",
            "depreciation": "None",
            "depreciationAndAmortization": "232000000",
            "incomeBeforeTax": "331000000",
            "incomeTaxExpense": "68000000",
            "interestAndDebtExpense": "42000000",
            "netIncomeFromContinuingOperations": "264000000",
            "comprehensiveIncomeNetOfTax": "268000000",
            "ebit": "511000000",
            "ebitda": "689000000",
            "netIncome": "263000000"
        },
        {
            "fiscalDateEnding": "2021-12-31",
            "reportedCurrency": "USD",
            "grossProfit": "4202000000",
            "totalRevenue": "4281000000",
            "costOfRevenue": "79000000",
            "costofGoodsAndServicesSold": "3661000000",
            "operatingIncome": "550000000",
            "sellingGeneralAndAdministrative": "59000000",
            "researchAndDevelopment": "None",
            "operatingExpenses": "326000000",
            "investmentIncomeNet": "21000000",
            "netInterestIncome": "-108000000",
            "interestIncome": "108000000",
            "interestExpense": "108000000",
            "nonInterestIncome": "4277000000",
            "otherNonOperatingIncome": "-24000000",
            "depreciation": "None",
            "depreciationAndAmortization": "231000000",
            "incomeBeforeTax": "415000000",
            "incomeTaxExpense": "-409000000",
            "interestAndDebtExpense": "0",
            "netIncomeFromContinuingOperations": "875000000",
            "comprehensiveIncomeNetOfTax": "1001000000",
            "ebit": "550000000",
            "ebitda": "754000000",
            "netIncome": "824000000"
        },
        {
            "fiscalDateEnding": "2021-09-30",
            "reportedCurrency": "USD",
            "grossProfit": "3802000000",
            "totalRevenue": "3860000000",
            "costOfRevenue": "58000000",
            "costofGoodsAndServicesSold": "3356000000",
            "operatingIncome": "446000000",
            "sellingGeneralAndAdministrative": "46000000",
            "researchAndDevelopment": "None",
            "operatingExpenses": "58000000",
            "investmentIncomeNet": "15000000",
            "netInterestIncome": "-116000000",
            "interestIncome": "116000000",
            "interestExpense": "131000000",
            "nonInterestIncome": "3860000000",
            "otherNonOperatingIncome": "-14000000",
            "depreciation": "None",
            "depreciationAndAmortization": "224000000",
            "incomeBeforeTax": "312000000",
            "incomeTaxExpense": "76000000",
            "interestAndDebtExpense": "0",
            "netIncomeFromContinuingOperations": "240000000",
            "comprehensiveIncomeNetOfTax": "236000000",
            "ebit": "446000000",
            "ebitda": "667000000",
            "netIncome": "236000000"
        },
        {
            "fiscalDateEnding": "2021-06-30",
            "reportedCurrency": "USD",
            "grossProfit": "3656000000",
            "totalRevenue": "3707000000",
            "costOfRevenue": "51000000",
            "costofGoodsAndServicesSold": "3222000000",
            "operatingIncome": "434000000",
            "sellingGeneralAndAdministrative": "51000000",
            "researchAndDevelopment": "None",
            "operatingExpenses": "51000000",
            "investmentIncomeNet": "14000000",
            "netInterestIncome": "-120000000",
            "interestIncome": "120000000",
            "interestExpense": "134000000",
            "nonInterestIncome": "3707000000",
            "otherNonOperatingIncome": "-19000000",
            "depreciation": "None",
            "depreciationAndAmortization": "223000000",
            "incomeBeforeTax": "292000000",
            "incomeTaxExpense": "65000000",
            "interestAndDebtExpense": "0",
            "netIncomeFromContinuingOperations": "230000000",
            "comprehensiveIncomeNetOfTax": "229000000",
            "ebit": "434000000",
            "ebitda": "649000000",
            "netIncome": "227000000"
        },
        {
            "fiscalDateEnding": "2021-03-31",
            "reportedCurrency": "USD",
            "grossProfit": "3403000000",
            "totalRevenue": "3451000000",
            "costOfRevenue": "48000000",
            "costofGoodsAndServicesSold": "3033000000",
            "operatingIncome": "370000000",
            "sellingGeneralAndAdministrative": "48000000",
            "researchAndDevelopment": "None",
            "operatingExpenses": "48000000",
            "investmentIncomeNet": "10000000",
            "netInterestIncome": "-125000000",
            "interestIncome": "125000000",
            "interestExpense": "135000000",
            "nonInterestIncome": "3451000000",
            "otherNonOperatingIncome": "-22000000",
            "depreciation": "None",
            "depreciationAndAmortization": "226000000",
            "incomeBeforeTax": "222000000",
            "incomeTaxExpense": "52000000",
            "interestAndDebtExpense": "0",
            "netIncomeFromContinuingOperations": "171000000",
            "comprehensiveIncomeNetOfTax": "170000000",
            "ebit": "370000000",
            "ebitda": "583000000",
            "netIncome": "170000000"
        },
        {
            "fiscalDateEnding": "2020-12-31",
            "reportedCurrency": "USD",
            "grossProfit": "2731000000",
            "totalRevenue": "3241000000",
            "costOfRevenue": "510000000",
            "costofGoodsAndServicesSold": "0",
            "operatingIncome": "-96000000",
            "sellingGeneralAndAdministrative": "44000000",
            "researchAndDevelopment": "None",
            "operatingExpenses": "819000000",
            "investmentIncomeNet": "10000000",
            "netInterestIncome": "-125000000",
            "interestIncome": "125000000",
            "interestExpense": "97000000",
            "nonInterestIncome": "3237000000",
            "otherNonOperatingIncome": "-19000000",
            "depreciation": "None",
            "depreciationAndAmortization": "229000000",
            "incomeBeforeTax": "-248000000",
            "incomeTaxExpense": "-13000000",
            "interestAndDebtExpense": "0",
            "netIncomeFromContinuingOperations": "-227000000",
            "comprehensiveIncomeNetOfTax": "-256000000",
            "ebit": "-96000000",
            "ebitda": "78000000",
            "netIncome": "-235000000"
        },
        {
            "fiscalDateEnding": "2020-09-30",
            "reportedCurrency": "USD",
            "grossProfit": "2790000000",
            "totalRevenue": "2975000000",
            "costOfRevenue": "185000000",
            "costofGoodsAndServicesSold": "11000000",
            "operatingIncome": "142000000",
            "sellingGeneralAndAdministrative": "41000000",
            "researchAndDevelopment": "None",
            "operatingExpenses": "174000000",
            "investmentIncomeNet": "11000000",
            "netInterestIncome": "-122000000",
            "interestIncome": "122000000",
            "interestExpense": "133000000",
            "nonInterestIncome": "2975000000",
            "otherNonOperatingIncome": "-21000000",
            "depreciation": "None",
            "depreciationAndAmortization": "230000000",
            "incomeBeforeTax": "1000000",
            "incomeTaxExpense": "18000000",
            "interestAndDebtExpense": "0",
            "netIncomeFromContinuingOperations": "-19000000",
            "comprehensiveIncomeNetOfTax": "-16000000",
            "ebit": "142000000",
            "ebitda": "364000000",
            "netIncome": "-17000000"
        },
        {
            "fiscalDateEnding": "2020-06-30",
            "reportedCurrency": "USD",
            "grossProfit": "512000000",
            "totalRevenue": "3196000000",
            "costOfRevenue": "2684000000",
            "costofGoodsAndServicesSold": "494000000",
            "operatingIncome": "-1911000000",
            "sellingGeneralAndAdministrative": "43000000",
            "researchAndDevelopment": "None",
            "operatingExpenses": "2190000000",
            "investmentIncomeNet": "7000000",
            "netInterestIncome": "-124000000",
            "interestIncome": "7000000",
            "interestExpense": "131000000",
            "nonInterestIncome": "3196000000",
            "otherNonOperatingIncome": "-48000000",
            "depreciation": "None",
            "depreciationAndAmortization": "251000000",
            "incomeBeforeTax": "-2078000000",
            "incomeTaxExpense": "-402000000",
            "interestAndDebtExpense": "0",
            "netIncomeFromContinuingOperations": "-1681000000",
            "comprehensiveIncomeNetOfTax": "-1667000000",
            "ebit": "-1911000000",
            "ebitda": "-1696000000",
            "netIncome": "-1676000000"
        },
        {
            "fiscalDateEnding": "2020-03-31",
            "reportedCurrency": "USD",
            "grossProfit": "3742000000",
            "totalRevenue": "4869000000",
            "costOfRevenue": "1127000000",
            "costofGoodsAndServicesSold": "0",
            "operatingIncome": "-571000000",
            "sellingGeneralAndAdministrative": "54000000",
            "researchAndDevelopment": "None",
            "operatingExpenses": "1127000000",
            "investmentIncomeNet": "10000000",
            "netInterestIncome": "-134000000",
            "interestIncome": "10000000",
            "interestExpense": "144000000",
            "nonInterestIncome": "4869000000",
            "otherNonOperatingIncome": "-23000000",
            "depreciation": "None",
            "depreciationAndAmortization": "None",
            "incomeBeforeTax": "-898000000",
            "incomeTaxExpense": "119000000",
            "interestAndDebtExpense": "168000000",
            "netIncomeFromContinuingOperations": "-1015000000",
            "comprehensiveIncomeNetOfTax": "-1006000000",
            "ebit": "-571000000",
            "ebitda": "-754000000",
            "netIncome": "-1017000000"
        },
        {
            "fiscalDateEnding": "2019-12-31",
            "reportedCurrency": "USD",
            "grossProfit": "2505000000",
            "totalRevenue": "5192000000",
            "costOfRevenue": "2687000000",
            "costofGoodsAndServicesSold": "425000000",
            "operatingIncome": "-1652000000",
            "sellingGeneralAndAdministrative": "59000000",
            "researchAndDevelopment": "None",
            "operatingExpenses": "2666000000",
            "investmentIncomeNet": "5000000",
            "netInterestIncome": "-141000000",
            "interestIncome": "141000000",
            "interestExpense": "123000000",
            "nonInterestIncome": "5191000000",
            "otherNonOperatingIncome": "-44000000",
            "depreciation": "None",
            "depreciationAndAmortization": "5000000",
            "incomeBeforeTax": "-1836000000",
            "incomeTaxExpense": "-183000000",
            "interestAndDebtExpense": "0",
            "netIncomeFromContinuingOperations": "-1656000000",
            "comprehensiveIncomeNetOfTax": "-1663000000",
            "ebit": "-1652000000",
            "ebitda": "-1647000000",
            "netIncome": "-1653000000"
        },
        {
            "fiscalDateEnding": "2019-09-30",
            "reportedCurrency": "USD",
            "grossProfit": "5493000000",
            "totalRevenue": "5551000000",
            "costOfRevenue": "58000000",
            "costofGoodsAndServicesSold": "0",
            "operatingIncome": "536000000",
            "sellingGeneralAndAdministrative": "53000000",
            "researchAndDevelopment": "None",
            "operatingExpenses": "58000000",
            "investmentIncomeNet": "6000000",
            "netInterestIncome": "-141000000",
            "interestIncome": "6000000",
            "interestExpense": "147000000",
            "nonInterestIncome": "5550000000",
            "otherNonOperatingIncome": "-23000000",
            "depreciation": "None",
            "depreciationAndAmortization": "5000000",
            "incomeBeforeTax": "371000000",
            "incomeTaxExpense": "76000000",
            "interestAndDebtExpense": "0",
            "netIncomeFromContinuingOperations": "296000000",
            "comprehensiveIncomeNetOfTax": "295000000",
            "ebit": "536000000",
            "ebitda": "541000000",
            "netIncome": "295000000"
        },
        {
            "fiscalDateEnding": "2019-06-30",
            "reportedCurrency": "USD",
            "grossProfit": "5594000000",
            "totalRevenue": "5930000000",
            "costOfRevenue": "336000000",
            "costofGoodsAndServicesSold": "33000000",
            "operatingIncome": "303000000",
            "sellingGeneralAndAdministrative": "56000000",
            "researchAndDevelopment": "None",
            "operatingExpenses": "303000000",
            "investmentIncomeNet": "4000000",
            "netInterestIncome": "-144000000",
            "interestIncome": "4000000",
            "interestExpense": "148000000",
            "nonInterestIncome": "5930000000",
            "otherNonOperatingIncome": "-8000000",
            "depreciation": "None",
            "depreciationAndAmortization": "None",
            "incomeBeforeTax": "149000000",
            "incomeTaxExpense": "74000000",
            "interestAndDebtExpense": "0",
            "netIncomeFromContinuingOperations": "77000000",
            "comprehensiveIncomeNetOfTax": "76000000",
            "ebit": "303000000",
            "ebitda": "297000000",
            "netIncome": "75000000"
        },
        {
            "fiscalDateEnding": "2019-03-31",
            "reportedCurrency": "USD",
            "grossProfit": "5617000000",
            "totalRevenue": "5737000000",
            "costOfRevenue": "120000000",
            "costofGoodsAndServicesSold": "0",
            "operatingIncome": "365000000",
            "sellingGeneralAndAdministrative": "59000000",
            "researchAndDevelopment": "None",
            "operatingExpenses": "120000000",
            "investmentIncomeNet": "8000000",
            "netInterestIncome": "-143000000",
            "interestIncome": "None",
            "interestExpense": "143000000",
            "nonInterestIncome": "5737000000",
            "otherNonOperatingIncome": "-30000000",
            "depreciation": "None",
            "depreciationAndAmortization": "None",
            "incomeBeforeTax": "192000000",
            "incomeTaxExpense": "40000000",
            "interestAndDebtExpense": "0",
            "netIncomeFromContinuingOperations": "152000000",
            "comprehensiveIncomeNetOfTax": "153000000",
            "ebit": "365000000",
            "ebitda": "335000000",
            "netIncome": "152000000"
        },
        {
            "fiscalDateEnding": "2018-12-31",
            "reportedCurrency": "USD",
            "grossProfit": "5877000000",
            "totalRevenue": "5936000000",
            "costOfRevenue": "59000000",
            "costofGoodsAndServicesSold": "5269000000",
            "operatingIncome": "608000000",
            "sellingGeneralAndAdministrative": "59000000",
            "researchAndDevelopment": "None",
            "operatingExpenses": "449000000",
            "investmentIncomeNet": "11000000",
            "netInterestIncome": "None",
            "interestIncome": "None",
            "interestExpense": "137000000",
            "nonInterestIncome": "5936000000",
            "otherNonOperatingIncome": "-13000000",
            "depreciation": "None",
            "depreciationAndAmortization": "None",
            "incomeBeforeTax": "358000000",
            "incomeTaxExpense": "-306000000",
            "interestAndDebtExpense": "None",
            "netIncomeFromContinuingOperations": "667000000",
            "comprehensiveIncomeNetOfTax": "772000000",
            "ebit": "608000000",
            "ebitda": "591000000",
            "netIncome": "664000000"
        },
        {
            "fiscalDateEnding": "2018-09-30",
            "reportedCurrency": "USD",
            "grossProfit": "6100000000",
            "totalRevenue": "6172000000",
            "costOfRevenue": "72000000",
            "costofGoodsAndServicesSold": "5384000000",
            "operatingIncome": "716000000",
            "sellingGeneralAndAdministrative": "72000000",
            "researchAndDevelopment": "None",
            "operatingExpenses": "72000000",
            "investmentIncomeNet": "10000000",
            "netInterestIncome": "None",
            "interestIncome": "None",
            "interestExpense": "140000000",
            "nonInterestIncome": "6172000000",
            "otherNonOperatingIncome": "-42000000",
            "depreciation": "None",
            "depreciationAndAmortization": "None",
            "incomeBeforeTax": "535000000",
            "incomeTaxExpense": "100000000",
            "interestAndDebtExpense": "None",
            "netIncomeFromContinuingOperations": "434000000",
            "comprehensiveIncomeNetOfTax": "442000000",
            "ebit": "716000000",
            "ebitda": "675000000",
            "netIncome": "435000000"
        },
        {
            "fiscalDateEnding": "2018-06-30",
            "reportedCurrency": "USD",
            "grossProfit": "789000000",
            "totalRevenue": "6147000000",
            "costOfRevenue": "5358000000",
            "costofGoodsAndServicesSold": "5293000000",
            "operatingIncome": "789000000",
            "sellingGeneralAndAdministrative": "65000000",
            "researchAndDevelopment": "None",
            "operatingExpenses": "65000000",
            "investmentIncomeNet": "13000000",
            "netInterestIncome": "None",
            "interestIncome": "None",
            "interestExpense": "137000000",
            "nonInterestIncome": "6147000000",
            "otherNonOperatingIncome": "-19000000",
            "depreciation": "None",
            "depreciationAndAmortization": "None",
            "incomeBeforeTax": "636000000",
            "incomeTaxExpense": "125000000",
            "interestAndDebtExpense": "None",
            "netIncomeFromContinuingOperations": "508000000",
            "comprehensiveIncomeNetOfTax": "512000000",
            "ebit": "789000000",
            "ebitda": "773000000",
            "netIncome": "511000000"
        },
        {
            "fiscalDateEnding": "2018-03-31",
            "reportedCurrency": "USD",
            "grossProfit": "354000000",
            "totalRevenue": "5740000000",
            "costOfRevenue": "5386000000",
            "costofGoodsAndServicesSold": "5063000000",
            "operatingIncome": "354000000",
            "sellingGeneralAndAdministrative": "58000000",
            "researchAndDevelopment": "None",
            "operatingExpenses": "323000000",
            "investmentIncomeNet": "10000000",
            "netInterestIncome": "None",
            "interestIncome": "None",
            "interestExpense": "140000000",
            "nonInterestIncome": "5740000000",
            "otherNonOperatingIncome": "-25000000",
            "depreciation": "None",
            "depreciationAndAmortization": "None",
            "incomeBeforeTax": "188000000",
            "incomeTaxExpense": "142000000",
            "interestAndDebtExpense": "None",
            "netIncomeFromContinuingOperations": "47000000",
            "comprehensiveIncomeNetOfTax": "44000000",
            "ebit": "354000000",
            "ebitda": "328000000",
            "netIncome": "46000000"
        }
    ]
}