{
    "symbol": "ICE",
    "annualReports": [
        {
            "fiscalDateEnding": "2022-12-31",
            "reportedCurrency": "USD",
            "grossProfit": "5796000000",
            "totalRevenue": "9052000000",
            "costOfRevenue": "3256000000",
            "costofGoodsAndServicesSold": "4434000000",
            "operatingIncome": "3638000000",
            "sellingGeneralAndAdministrative": "226000000",
            "researchAndDevelopment": "None",
            "operatingExpenses": "3654000000",
            "investmentIncomeNet": "None",
            "netInterestIncome": "-616000000",
            "interestIncome": "1776000000",
            "interestExpense": "616000000",
            "nonInterestIncome": "9668000000",
            "otherNonOperatingIncome": "-1322000000",
            "depreciation": "174000000",
            "depreciationAndAmortization": "1031000000",
            "incomeBeforeTax": "1756000000",
            "incomeTaxExpense": "310000000",
            "interestAndDebtExpense": "616000000",
            "netIncomeFromContinuingOperations": "1498000000",
            "comprehensiveIncomeNetOfTax": "1311000000",
            "ebit": "2372000000",
            "ebitda": "3403000000",
            "netIncome": "1446000000"
        },
        {
            "fiscalDateEnding": "2021-12-31",
            "reportedCurrency": "USD",
            "grossProfit": "6923000000",
            "totalRevenue": "9959000000",
            "costOfRevenue": "3036000000",
            "costofGoodsAndServicesSold": "4150000000",
            "operatingIncome": "3449000000",
            "sellingGeneralAndAdministrative": "215000000",
            "researchAndDevelopment": "None",
            "operatingExpenses": "3697000000",
            "investmentIncomeNet": "None",
            "netInterestIncome": "-423000000",
            "interestIncome": "844000000",
            "interestExpense": "423000000",
            "nonInterestIncome": "10382000000",
            "otherNonOperatingIncome": "2671000000",
            "depreciation": "174000000",
            "depreciationAndAmortization": "1009000000",
            "incomeBeforeTax": "5687000000",
            "incomeTaxExpense": "1629000000",
            "interestAndDebtExpense": "423000000",
            "netIncomeFromContinuingOperations": "4069000000",
            "comprehensiveIncomeNetOfTax": "4054000000",
            "ebit": "6110000000",
            "ebitda": "7119000000",
            "netIncome": "4058000000"
        },
        {
            "fiscalDateEnding": "2020-12-31",
            "reportedCurrency": "USD",
            "grossProfit": "5031000000",
            "totalRevenue": "7882000000",
            "costOfRevenue": "2851000000",
            "costofGoodsAndServicesSold": "3945000000",
            "operatingIncome": "3033000000",
            "sellingGeneralAndAdministrative": "185000000",
            "researchAndDevelopment": "None",
            "operatingExpenses": "3003000000",
            "investmentIncomeNet": "None",
            "netInterestIncome": "-357000000",
            "interestIncome": "10000000",
            "interestExpense": "357000000",
            "nonInterestIncome": "8239000000",
            "otherNonOperatingIncome": "80000000",
            "depreciation": "173000000",
            "depreciationAndAmortization": "751000000",
            "incomeBeforeTax": "2747000000",
            "incomeTaxExpense": "658000000",
            "interestAndDebtExpense": "357000000",
            "netIncomeFromContinuingOperations": "2163000000",
            "comprehensiveIncomeNetOfTax": "2140000000",
            "ebit": "3104000000",
            "ebitda": "3855000000",
            "netIncome": "2089000000"
        },
        {
            "fiscalDateEnding": "2019-12-31",
            "reportedCurrency": "USD",
            "grossProfit": "3980000000",
            "totalRevenue": "6257000000",
            "costOfRevenue": "2277000000",
            "costofGoodsAndServicesSold": "2856000000",
            "operatingIncome": "2673000000",
            "sellingGeneralAndAdministrative": "161000000",
            "researchAndDevelopment": "None",
            "operatingExpenses": "2529000000",
            "investmentIncomeNet": "None",
            "netInterestIncome": "-285000000",
            "interestIncome": "35000000",
            "interestExpense": "285000000",
            "nonInterestIncome": "6542000000",
            "otherNonOperatingIncome": "58000000",
            "depreciation": "145000000",
            "depreciationAndAmortization": "662000000",
            "incomeBeforeTax": "2454000000",
            "incomeTaxExpense": "521000000",
            "interestAndDebtExpense": "285000000",
            "netIncomeFromContinuingOperations": "1960000000",
            "comprehensiveIncomeNetOfTax": "2005000000",
            "ebit": "2739000000",
            "ebitda": "3401000000",
            "netIncome": "1933000000"
        },
        {
            "fiscalDateEnding": "2018-12-31",
            "reportedCurrency": "USD",
            "grossProfit": "3904000000",
            "totalRevenue": "6030000000",
            "costOfRevenue": "2126000000",
            "costofGoodsAndServicesSold": "2723000000",
            "operatingIncome": "2583000000",
            "sellingGeneralAndAdministrative": "151000000",
            "researchAndDevelopment": "None",
            "operatingExpenses": "2396000000",
            "investmentIncomeNet": "None",
            "netInterestIncome": "-244000000",
            "interestIncome": "22000000",
            "interestExpense": "244000000",
            "nonInterestIncome": "6274000000",
            "otherNonOperatingIncome": "159000000",
            "depreciation": "133000000",
            "depreciationAndAmortization": "586000000",
            "incomeBeforeTax": "2488000000",
            "incomeTaxExpense": "500000000",
            "interestAndDebtExpense": "244000000",
            "netIncomeFromContinuingOperations": "1988000000",
            "comprehensiveIncomeNetOfTax": "1896000000",
            "ebit": "2732000000",
            "ebitda": "3318000000",
            "netIncome": "1988000000"
        }
    ],
    "quarterlyReports": [
        {
            "fiscalDateEnding": "2022-12-31",
            "reportedCurrency": "USD",
            "grossProfit": "1422000000",
            "totalRevenue": "2233000000",
            "costOfRevenue": "811000000",
            "costofGoodsAndServicesSold": "1128000000",
            "operatingIncome": "864000000",
            "sellingGeneralAndAdministrative": "60000000",
            "researchAndDevelopment": "None",
            "operatingExpenses": "904000000",
            "investmentIncomeNet": "None",
            "netInterestIncome": "-176000000",
            "interestIncome": "310000000",
            "interestExpense": "176000000",
            "nonInterestIncome": "2409000000",
            "otherNonOperatingIncome": "-190000000",
            "depreciation": "None",
            "depreciationAndAmortization": "263000000",
            "incomeBeforeTax": "549000000",
            "incomeTaxExpense": "124000000",
            "interestAndDebtExpense": "176000000",
            "netIncomeFromContinuingOperations": "477000000",
            "comprehensiveIncomeNetOfTax": "497000000",
            "ebit": "725000000",
            "ebitda": "988000000",
            "netIncome": "425000000"
        },
        {
            "fiscalDateEnding": "2022-09-30",
            "reportedCurrency": "USD",
            "grossProfit": "1378000000",
            "totalRevenue": "2211000000",
            "costOfRevenue": "833000000",
            "costofGoodsAndServicesSold": "1089000000",
            "operatingIncome": "913000000",
            "sellingGeneralAndAdministrative": "54000000",
            "researchAndDevelopment": "None",
            "operatingExpenses": "898000000",
            "investmentIncomeNet": "None",
            "netInterestIncome": "-176000000",
            "interestIncome": "1243000000",
            "interestExpense": "176000000",
            "nonInterestIncome": "2387000000",
            "otherNonOperatingIncome": "-1097000000",
            "depreciation": "None",
            "depreciationAndAmortization": "258000000",
            "incomeBeforeTax": "-343000000",
            "incomeTaxExpense": "-152000000",
            "interestAndDebtExpense": "176000000",
            "netIncomeFromContinuingOperations": "-191000000",
            "comprehensiveIncomeNetOfTax": "-289000000",
            "ebit": "-167000000",
            "ebitda": "91000000",
            "netIncome": "-191000000"
        },
        {
            "fiscalDateEnding": "2022-06-30",
            "reportedCurrency": "USD",
            "grossProfit": "1408000000",
            "totalRevenue": "2252000000",
            "costOfRevenue": "844000000",
            "costofGoodsAndServicesSold": "1123000000",
            "operatingIncome": "869000000",
            "sellingGeneralAndAdministrative": "57000000",
            "researchAndDevelopment": "None",
            "operatingExpenses": "945000000",
            "investmentIncomeNet": "None",
            "netInterestIncome": "-161000000",
            "interestIncome": "8000000",
            "interestExpense": "161000000",
            "nonInterestIncome": "2413000000",
            "otherNonOperatingIncome": "23000000",
            "depreciation": "None",
            "depreciationAndAmortization": "256000000",
            "incomeBeforeTax": "728000000",
            "incomeTaxExpense": "173000000",
            "interestAndDebtExpense": "161000000",
            "netIncomeFromContinuingOperations": "555000000",
            "comprehensiveIncomeNetOfTax": "471000000",
            "ebit": "889000000",
            "ebitda": "1145000000",
            "netIncome": "555000000"
        },
        {
            "fiscalDateEnding": "2022-03-31",
            "reportedCurrency": "USD",
            "grossProfit": "1628000000",
            "totalRevenue": "2356000000",
            "costOfRevenue": "728000000",
            "costofGoodsAndServicesSold": "1094000000",
            "operatingIncome": "992000000",
            "sellingGeneralAndAdministrative": "55000000",
            "researchAndDevelopment": "None",
            "operatingExpenses": "907000000",
            "investmentIncomeNet": "None",
            "netInterestIncome": "-103000000",
            "interestIncome": "1000000",
            "interestExpense": "103000000",
            "nonInterestIncome": "2459000000",
            "otherNonOperatingIncome": "-58000000",
            "depreciation": "None",
            "depreciationAndAmortization": "254000000",
            "incomeBeforeTax": "822000000",
            "incomeTaxExpense": "165000000",
            "interestAndDebtExpense": "103000000",
            "netIncomeFromContinuingOperations": "657000000",
            "comprehensiveIncomeNetOfTax": "632000000",
            "ebit": "925000000",
            "ebitda": "1179000000",
            "netIncome": "657000000"
        },
        {
            "fiscalDateEnding": "2021-12-31",
            "reportedCurrency": "USD",
            "grossProfit": "1438000000",
            "totalRevenue": "2213000000",
            "costOfRevenue": "775000000",
            "costofGoodsAndServicesSold": "1028000000",
            "operatingIncome": "880000000",
            "sellingGeneralAndAdministrative": "52000000",
            "researchAndDevelopment": "None",
            "operatingExpenses": "960000000",
            "investmentIncomeNet": "None",
            "netInterestIncome": "-102000000",
            "interestIncome": "187000000",
            "interestExpense": "102000000",
            "nonInterestIncome": "2315000000",
            "otherNonOperatingIncome": "1330000000",
            "depreciation": "None",
            "depreciationAndAmortization": "250000000",
            "incomeBeforeTax": "2107000000",
            "incomeTaxExpense": "580000000",
            "interestAndDebtExpense": "102000000",
            "netIncomeFromContinuingOperations": "1504000000",
            "comprehensiveIncomeNetOfTax": "1537000000",
            "ebit": "2209000000",
            "ebitda": "2459000000",
            "netIncome": "1527000000"
        },
        {
            "fiscalDateEnding": "2021-09-30",
            "reportedCurrency": "USD",
            "grossProfit": "1438000000",
            "totalRevenue": "2169000000",
            "costOfRevenue": "731000000",
            "costofGoodsAndServicesSold": "1017000000",
            "operatingIncome": "878000000",
            "sellingGeneralAndAdministrative": "52000000",
            "researchAndDevelopment": "None",
            "operatingExpenses": "924000000",
            "investmentIncomeNet": "None",
            "netInterestIncome": "-108000000",
            "interestIncome": "72000000",
            "interestExpense": "108000000",
            "nonInterestIncome": "2277000000",
            "otherNonOperatingIncome": "54000000",
            "depreciation": "None",
            "depreciationAndAmortization": "253000000",
            "incomeBeforeTax": "820000000",
            "incomeTaxExpense": "187000000",
            "interestAndDebtExpense": "108000000",
            "netIncomeFromContinuingOperations": "633000000",
            "comprehensiveIncomeNetOfTax": "601000000",
            "ebit": "928000000",
            "ebitda": "1181000000",
            "netIncome": "633000000"
        },
        {
            "fiscalDateEnding": "2021-06-30",
            "reportedCurrency": "USD",
            "grossProfit": "1301000000",
            "totalRevenue": "2028000000",
            "costOfRevenue": "727000000",
            "costofGoodsAndServicesSold": "957000000",
            "operatingIncome": "799000000",
            "sellingGeneralAndAdministrative": "60000000",
            "researchAndDevelopment": "None",
            "operatingExpenses": "908000000",
            "investmentIncomeNet": "None",
            "netInterestIncome": "-106000000",
            "interestIncome": "100000000",
            "interestExpense": "106000000",
            "nonInterestIncome": "2134000000",
            "otherNonOperatingIncome": "1239000000",
            "depreciation": "None",
            "depreciationAndAmortization": "251000000",
            "incomeBeforeTax": "1931000000",
            "incomeTaxExpense": "679000000",
            "interestAndDebtExpense": "106000000",
            "netIncomeFromContinuingOperations": "1252000000",
            "comprehensiveIncomeNetOfTax": "1262000000",
            "ebit": "2037000000",
            "ebitda": "2288000000",
            "netIncome": "1252000000"
        },
        {
            "fiscalDateEnding": "2021-03-31",
            "reportedCurrency": "USD",
            "grossProfit": "1519000000",
            "totalRevenue": "2322000000",
            "costOfRevenue": "803000000",
            "costofGoodsAndServicesSold": "1148000000",
            "operatingIncome": "892000000",
            "sellingGeneralAndAdministrative": "51000000",
            "researchAndDevelopment": "None",
            "operatingExpenses": "905000000",
            "investmentIncomeNet": "None",
            "netInterestIncome": "-107000000",
            "interestIncome": "88000000",
            "interestExpense": "107000000",
            "nonInterestIncome": "2429000000",
            "otherNonOperatingIncome": "48000000",
            "depreciation": "None",
            "depreciationAndAmortization": "255000000",
            "incomeBeforeTax": "829000000",
            "incomeTaxExpense": "183000000",
            "interestAndDebtExpense": "107000000",
            "netIncomeFromContinuingOperations": "646000000",
            "comprehensiveIncomeNetOfTax": "654000000",
            "ebit": "936000000",
            "ebitda": "1191000000",
            "netIncome": "646000000"
        },
        {
            "fiscalDateEnding": "2020-12-31",
            "reportedCurrency": "USD",
            "grossProfit": "666000000",
            "totalRevenue": "2116000000",
            "costOfRevenue": "1205000000",
            "costofGoodsAndServicesSold": "1062000000",
            "operatingIncome": "780000000",
            "sellingGeneralAndAdministrative": "53000000",
            "researchAndDevelopment": "None",
            "operatingExpenses": "891000000",
            "investmentIncomeNet": "None",
            "netInterestIncome": "-112000000",
            "interestIncome": "1000000",
            "interestExpense": "112000000",
            "nonInterestIncome": "2228000000",
            "otherNonOperatingIncome": "5000000",
            "depreciation": "None",
            "depreciationAndAmortization": "257000000",
            "incomeBeforeTax": "672000000",
            "incomeTaxExpense": "146000000",
            "interestAndDebtExpense": "112000000",
            "netIncomeFromContinuingOperations": "780000000",
            "comprehensiveIncomeNetOfTax": "607000000",
            "ebit": "784000000",
            "ebitda": "1041000000",
            "netIncome": "526000000"
        },
        {
            "fiscalDateEnding": "2020-09-30",
            "reportedCurrency": "USD",
            "grossProfit": "1411000000",
            "totalRevenue": "1930000000",
            "costOfRevenue": "519000000",
            "costofGoodsAndServicesSold": "948000000",
            "operatingIncome": "627000000",
            "sellingGeneralAndAdministrative": "43000000",
            "researchAndDevelopment": "None",
            "operatingExpenses": "784000000",
            "investmentIncomeNet": "None",
            "netInterestIncome": "-89000000",
            "interestIncome": "36000000",
            "interestExpense": "89000000",
            "nonInterestIncome": "1930000000",
            "otherNonOperatingIncome": "44000000",
            "depreciation": "None",
            "depreciationAndAmortization": "180000000",
            "incomeBeforeTax": "579000000",
            "incomeTaxExpense": "189000000",
            "interestAndDebtExpense": "89000000",
            "netIncomeFromContinuingOperations": "390000000",
            "comprehensiveIncomeNetOfTax": "438000000",
            "ebit": "668000000",
            "ebitda": "848000000",
            "netIncome": "390000000"
        },
        {
            "fiscalDateEnding": "2020-06-30",
            "reportedCurrency": "USD",
            "grossProfit": "1256000000",
            "totalRevenue": "1882000000",
            "costOfRevenue": "626000000",
            "costofGoodsAndServicesSold": "970000000",
            "operatingIncome": "744000000",
            "sellingGeneralAndAdministrative": "40000000",
            "researchAndDevelopment": "None",
            "operatingExpenses": "651000000",
            "investmentIncomeNet": "None",
            "netInterestIncome": "-84000000",
            "interestIncome": "2000000",
            "interestExpense": "84000000",
            "nonInterestIncome": "1966000000",
            "otherNonOperatingIncome": "11000000",
            "depreciation": "None",
            "depreciationAndAmortization": "157000000",
            "incomeBeforeTax": "668000000",
            "incomeTaxExpense": "145000000",
            "interestAndDebtExpense": "84000000",
            "netIncomeFromContinuingOperations": "523000000",
            "comprehensiveIncomeNetOfTax": "535000000",
            "ebit": "752000000",
            "ebitda": "909000000",
            "netIncome": "523000000"
        },
        {
            "fiscalDateEnding": "2020-03-31",
            "reportedCurrency": "USD",
            "grossProfit": "1381000000",
            "totalRevenue": "2043000000",
            "costOfRevenue": "662000000",
            "costofGoodsAndServicesSold": "965000000",
            "operatingIncome": "882000000",
            "sellingGeneralAndAdministrative": "49000000",
            "researchAndDevelopment": "None",
            "operatingExpenses": "677000000",
            "investmentIncomeNet": "None",
            "netInterestIncome": "-72000000",
            "interestIncome": "6000000",
            "interestExpense": "72000000",
            "nonInterestIncome": "2115000000",
            "otherNonOperatingIncome": "20000000",
            "depreciation": "None",
            "depreciationAndAmortization": "157000000",
            "incomeBeforeTax": "828000000",
            "incomeTaxExpense": "178000000",
            "interestAndDebtExpense": "72000000",
            "netIncomeFromContinuingOperations": "650000000",
            "comprehensiveIncomeNetOfTax": "560000000",
            "ebit": "900000000",
            "ebitda": "1057000000",
            "netIncome": "650000000"
        },
        {
            "fiscalDateEnding": "2019-12-31",
            "reportedCurrency": "USD",
            "grossProfit": "76000000",
            "totalRevenue": "1591000000",
            "costOfRevenue": "1301000000",
            "costofGoodsAndServicesSold": "766000000",
            "operatingIncome": "622000000",
            "sellingGeneralAndAdministrative": "45000000",
            "researchAndDevelopment": "None",
            "operatingExpenses": "676000000",
            "investmentIncomeNet": "None",
            "netInterestIncome": "-71000000",
            "interestIncome": "8000000",
            "interestExpense": "71000000",
            "nonInterestIncome": "1662000000",
            "otherNonOperatingIncome": "28000000",
            "depreciation": "None",
            "depreciationAndAmortization": "189000000",
            "incomeBeforeTax": "582000000",
            "incomeTaxExpense": "134000000",
            "interestAndDebtExpense": "71000000",
            "netIncomeFromContinuingOperations": "622000000",
            "comprehensiveIncomeNetOfTax": "553000000",
            "ebit": "653000000",
            "ebitda": "842000000",
            "netIncome": "448000000"
        },
        {
            "fiscalDateEnding": "2019-09-30",
            "reportedCurrency": "USD",
            "grossProfit": "1336000000",
            "totalRevenue": "1663000000",
            "costOfRevenue": "327000000",
            "costofGoodsAndServicesSold": "714000000",
            "operatingIncome": "706000000",
            "sellingGeneralAndAdministrative": "33000000",
            "researchAndDevelopment": "None",
            "operatingExpenses": "630000000",
            "investmentIncomeNet": "None",
            "netInterestIncome": "-72000000",
            "interestIncome": "8000000",
            "interestExpense": "72000000",
            "nonInterestIncome": "1663000000",
            "otherNonOperatingIncome": "-2000000",
            "depreciation": "None",
            "depreciationAndAmortization": "158000000",
            "incomeBeforeTax": "632000000",
            "incomeTaxExpense": "103000000",
            "interestAndDebtExpense": "72000000",
            "netIncomeFromContinuingOperations": "529000000",
            "comprehensiveIncomeNetOfTax": "490000000",
            "ebit": "704000000",
            "ebitda": "862000000",
            "netIncome": "529000000"
        },
        {
            "fiscalDateEnding": "2019-06-30",
            "reportedCurrency": "USD",
            "grossProfit": "1005000000",
            "totalRevenue": "1563000000",
            "costOfRevenue": "558000000",
            "costofGoodsAndServicesSold": "708000000",
            "operatingIncome": "680000000",
            "sellingGeneralAndAdministrative": "41000000",
            "researchAndDevelopment": "None",
            "operatingExpenses": "618000000",
            "investmentIncomeNet": "None",
            "netInterestIncome": "-71000000",
            "interestIncome": "10000000",
            "interestExpense": "71000000",
            "nonInterestIncome": "1634000000",
            "otherNonOperatingIncome": "9000000",
            "depreciation": "None",
            "depreciationAndAmortization": "157000000",
            "incomeBeforeTax": "622000000",
            "incomeTaxExpense": "150000000",
            "interestAndDebtExpense": "71000000",
            "netIncomeFromContinuingOperations": "472000000",
            "comprehensiveIncomeNetOfTax": "453000000",
            "ebit": "693000000",
            "ebitda": "850000000",
            "netIncome": "472000000"
        },
        {
            "fiscalDateEnding": "2019-03-31",
            "reportedCurrency": "USD",
            "grossProfit": "995000000",
            "totalRevenue": "1512000000",
            "costOfRevenue": "517000000",
            "costofGoodsAndServicesSold": "668000000",
            "operatingIncome": "665000000",
            "sellingGeneralAndAdministrative": "42000000",
            "researchAndDevelopment": "None",
            "operatingExpenses": "605000000",
            "investmentIncomeNet": "None",
            "netInterestIncome": "-71000000",
            "interestIncome": "62000000",
            "interestExpense": "71000000",
            "nonInterestIncome": "1583000000",
            "otherNonOperatingIncome": "23000000",
            "depreciation": "None",
            "depreciationAndAmortization": "158000000",
            "incomeBeforeTax": "618000000",
            "incomeTaxExpense": "134000000",
            "interestAndDebtExpense": "71000000",
            "netIncomeFromContinuingOperations": "484000000",
            "comprehensiveIncomeNetOfTax": "509000000",
            "ebit": "689000000",
            "ebitda": "847000000",
            "netIncome": "484000000"
        },
        {
            "fiscalDateEnding": "2018-12-31",
            "reportedCurrency": "USD",
            "grossProfit": "1057000000",
            "totalRevenue": "1604000000",
            "costOfRevenue": "547000000",
            "costofGoodsAndServicesSold": "743000000",
            "operatingIncome": "676000000",
            "sellingGeneralAndAdministrative": "42000000",
            "researchAndDevelopment": "None",
            "operatingExpenses": "632000000",
            "investmentIncomeNet": "None",
            "netInterestIncome": "-71000000",
            "interestIncome": "None",
            "interestExpense": "71000000",
            "nonInterestIncome": "1675000000",
            "otherNonOperatingIncome": "126000000",
            "depreciation": "None",
            "depreciationAndAmortization": "157000000",
            "incomeBeforeTax": "730000000",
            "incomeTaxExpense": "119000000",
            "interestAndDebtExpense": "71000000",
            "netIncomeFromContinuingOperations": "676000000",
            "comprehensiveIncomeNetOfTax": "570000000",
            "ebit": "801000000",
            "ebitda": "958000000",
            "netIncome": "611000000"
        },
        {
            "fiscalDateEnding": "2018-09-30",
            "reportedCurrency": "USD",
            "grossProfit": "890000000",
            "totalRevenue": "1397000000",
            "costOfRevenue": "507000000",
            "costofGoodsAndServicesSold": "621000000",
            "operatingIncome": "602000000",
            "sellingGeneralAndAdministrative": "37000000",
            "researchAndDevelopment": "None",
            "operatingExpenses": "598000000",
            "investmentIncomeNet": "None",
            "netInterestIncome": "-66000000",
            "interestIncome": "None",
            "interestExpense": "66000000",
            "nonInterestIncome": "1463000000",
            "otherNonOperatingIncome": "12000000",
            "depreciation": "None",
            "depreciationAndAmortization": "148000000",
            "incomeBeforeTax": "547000000",
            "incomeTaxExpense": "89000000",
            "interestAndDebtExpense": "66000000",
            "netIncomeFromContinuingOperations": "458000000",
            "comprehensiveIncomeNetOfTax": "449000000",
            "ebit": "613000000",
            "ebitda": "761000000",
            "netIncome": "458000000"
        },
        {
            "fiscalDateEnding": "2018-06-30",
            "reportedCurrency": "USD",
            "grossProfit": "1024000000",
            "totalRevenue": "1556000000",
            "costOfRevenue": "532000000",
            "costofGoodsAndServicesSold": "659000000",
            "operatingIncome": "655000000",
            "sellingGeneralAndAdministrative": "39000000",
            "researchAndDevelopment": "None",
            "operatingExpenses": "591000000",
            "investmentIncomeNet": "None",
            "netInterestIncome": "-55000000",
            "interestIncome": "None",
            "interestExpense": "55000000",
            "nonInterestIncome": "1556000000",
            "otherNonOperatingIncome": "6000000",
            "depreciation": "None",
            "depreciationAndAmortization": "143000000",
            "incomeBeforeTax": "604000000",
            "incomeTaxExpense": "149000000",
            "interestAndDebtExpense": "55000000",
            "netIncomeFromContinuingOperations": "455000000",
            "comprehensiveIncomeNetOfTax": "380000000",
            "ebit": "659000000",
            "ebitda": "802000000",
            "netIncome": "455000000"
        },
        {
            "fiscalDateEnding": "2018-03-31",
            "reportedCurrency": "USD",
            "grossProfit": "1171000000",
            "totalRevenue": "1580000000",
            "costOfRevenue": "409000000",
            "costofGoodsAndServicesSold": "105000000",
            "operatingIncome": "650000000",
            "sellingGeneralAndAdministrative": "33000000",
            "researchAndDevelopment": "105000000",
            "operatingExpenses": "575000000",
            "investmentIncomeNet": "None",
            "netInterestIncome": "-52000000",
            "interestIncome": "None",
            "interestExpense": "52000000",
            "nonInterestIncome": "1580000000",
            "otherNonOperatingIncome": "15000000",
            "depreciation": "None",
            "depreciationAndAmortization": "138000000",
            "incomeBeforeTax": "607000000",
            "incomeTaxExpense": "143000000",
            "interestAndDebtExpense": "52000000",
            "netIncomeFromContinuingOperations": "464000000",
            "comprehensiveIncomeNetOfTax": "497000000",
            "ebit": "659000000",
            "ebitda": "797000000",
            "netIncome": "464000000"
        }
    ]
}