{
    "symbol": "JNJ",
    "annualReports": [
        {
            "fiscalDateEnding": "2022-12-31",
            "reportedCurrency": "USD",
            "grossProfit": "63854000000",
            "totalRevenue": "94339000000",
            "costOfRevenue": "61991000000",
            "costofGoodsAndServicesSold": "31089000000",
            "operatingIncome": "17583000000",
            "sellingGeneralAndAdministrative": "24765000000",
            "researchAndDevelopment": "15386000000",
            "operatingExpenses": "46271000000",
            "investmentIncomeNet": "490000000",
            "netInterestIncome": "-276000000",
            "interestIncome": "490000000",
            "interestExpense": "276000000",
            "nonInterestIncome": "94615000000",
            "otherNonOperatingIncome": "-1871000000",
            "depreciation": "None",
            "depreciationAndAmortization": "4300000000",
            "incomeBeforeTax": "21725000000",
            "incomeTaxExpense": "3784000000",
            "interestAndDebtExpense": "276000000",
            "netIncomeFromContinuingOperations": "17941000000",
            "comprehensiveIncomeNetOfTax": "18032000000",
            "ebit": "22001000000",
            "ebitda": "26301000000",
            "netIncome": "17941000000"
        },
        {
            "fiscalDateEnding": "2021-12-31",
            "reportedCurrency": "USD",
            "grossProfit": "63920000000",
            "totalRevenue": "93356000000",
            "costOfRevenue": "60455000000",
            "costofGoodsAndServicesSold": "29855000000",
            "operatingIncome": "17754000000",
            "sellingGeneralAndAdministrative": "24659000000",
            "researchAndDevelopment": "15614000000",
            "operatingExpenses": "46166000000",
            "investmentIncomeNet": "53000000",
            "netInterestIncome": "-183000000",
            "interestIncome": "53000000",
            "interestExpense": "183000000",
            "nonInterestIncome": "93539000000",
            "otherNonOperatingIncome": "-489000000",
            "depreciation": "None",
            "depreciationAndAmortization": "4700000000",
            "incomeBeforeTax": "22776000000",
            "incomeTaxExpense": "1898000000",
            "interestAndDebtExpense": "183000000",
            "netIncomeFromContinuingOperations": "20878000000",
            "comprehensiveIncomeNetOfTax": "23062000000",
            "ebit": "22959000000",
            "ebitda": "27659000000",
            "netIncome": "20878000000"
        },
        {
            "fiscalDateEnding": "2020-12-31",
            "reportedCurrency": "USD",
            "grossProfit": "54157000000",
            "totalRevenue": "82174000000",
            "costOfRevenue": "55691000000",
            "costofGoodsAndServicesSold": "28427000000",
            "operatingIncome": "14490000000",
            "sellingGeneralAndAdministrative": "22084000000",
            "researchAndDevelopment": "12340000000",
            "operatingExpenses": "39667000000",
            "investmentIncomeNet": "111000000",
            "netInterestIncome": "-201000000",
            "interestIncome": "111000000",
            "interestExpense": "201000000",
            "nonInterestIncome": "82375000000",
            "otherNonOperatingIncome": "-2899000000",
            "depreciation": "None",
            "depreciationAndAmortization": "4700000000",
            "incomeBeforeTax": "16497000000",
            "incomeTaxExpense": "1783000000",
            "interestAndDebtExpense": "201000000",
            "netIncomeFromContinuingOperations": "14714000000",
            "comprehensiveIncomeNetOfTax": "15363000000",
            "ebit": "16698000000",
            "ebitda": "21398000000",
            "netIncome": "14714000000"
        },
        {
            "fiscalDateEnding": "2019-12-31",
            "reportedCurrency": "USD",
            "grossProfit": "54503000000",
            "totalRevenue": "81474000000",
            "costOfRevenue": "55596000000",
            "costofGoodsAndServicesSold": "27556000000",
            "operatingIncome": "14238000000",
            "sellingGeneralAndAdministrative": "22178000000",
            "researchAndDevelopment": "12245000000",
            "operatingExpenses": "40265000000",
            "investmentIncomeNet": "357000000",
            "netInterestIncome": "-318000000",
            "interestIncome": "357000000",
            "interestExpense": "318000000",
            "nonInterestIncome": "81792000000",
            "otherNonOperatingIncome": "-2525000000",
            "depreciation": "None",
            "depreciationAndAmortization": "4500000000",
            "incomeBeforeTax": "17328000000",
            "incomeTaxExpense": "2209000000",
            "interestAndDebtExpense": "318000000",
            "netIncomeFromContinuingOperations": "15119000000",
            "comprehensiveIncomeNetOfTax": "14450000000",
            "ebit": "17646000000",
            "ebitda": "22146000000",
            "netIncome": "15119000000"
        },
        {
            "fiscalDateEnding": "2018-12-31",
            "reportedCurrency": "USD",
            "grossProfit": "54490000000",
            "totalRevenue": "80311000000",
            "costOfRevenue": "56630000000",
            "costofGoodsAndServicesSold": "27091000000",
            "operatingIncome": "15371000000",
            "sellingGeneralAndAdministrative": "22540000000",
            "researchAndDevelopment": "11901000000",
            "operatingExpenses": "39119000000",
            "investmentIncomeNet": "611000000",
            "netInterestIncome": "-1005000000",
            "interestIncome": "611000000",
            "interestExpense": "1005000000",
            "nonInterestIncome": "81316000000",
            "otherNonOperatingIncome": "-1405000000",
            "depreciation": "None",
            "depreciationAndAmortization": "4400000000",
            "incomeBeforeTax": "17999000000",
            "incomeTaxExpense": "2702000000",
            "interestAndDebtExpense": "1005000000",
            "netIncomeFromContinuingOperations": "15297000000",
            "comprehensiveIncomeNetOfTax": "13506000000",
            "ebit": "19004000000",
            "ebitda": "23404000000",
            "netIncome": "15297000000"
        }
    ],
    "quarterlyReports": [
        {
            "fiscalDateEnding": "2022-12-31",
            "reportedCurrency": "USD",
            "grossProfit": "15941000000",
            "totalRevenue": "23706000000",
            "costOfRevenue": "7765000000",
            "costofGoodsAndServicesSold": "7765000000",
            "operatingIncome": "5415000000",
            "sellingGeneralAndAdministrative": "6512000000",
            "researchAndDevelopment": "4014000000",
            "operatingExpenses": "10526000000",
            "investmentIncomeNet": "None",
            "netInterestIncome": "77000000",
            "interestIncome": "254000000",
            "interestExpense": "177000000",
            "nonInterestIncome": "None",
            "otherNonOperatingIncome": "-1207000000",
            "depreciation": "None",
            "depreciationAndAmortization": "1772000000",
            "incomeBeforeTax": "4201000000",
            "incomeTaxExpense": "681000000",
            "interestAndDebtExpense": "None",
            "netIncomeFromContinuingOperations": "3520000000",
            "comprehensiveIncomeNetOfTax": "5845000000",
            "ebit": "4378000000",
            "ebitda": "4278000000",
            "netIncome": "3520000000"
        },
        {
            "fiscalDateEnding": "2022-09-30",
            "reportedCurrency": "USD",
            "grossProfit": "15984000000",
            "totalRevenue": "23791000000",
            "costOfRevenue": "7807000000",
            "costofGoodsAndServicesSold": "7807000000",
            "operatingIncome": "5822000000",
            "sellingGeneralAndAdministrative": "6089000000",
            "researchAndDevelopment": "3597000000",
            "operatingExpenses": "9686000000",
            "investmentIncomeNet": "None",
            "netInterestIncome": "99000000",
            "interestIncome": "150000000",
            "interestExpense": "51000000",
            "nonInterestIncome": "None",
            "otherNonOperatingIncome": "-493000000",
            "depreciation": "None",
            "depreciationAndAmortization": "1685000000",
            "incomeBeforeTax": "5822000000",
            "incomeTaxExpense": "1364000000",
            "interestAndDebtExpense": "None",
            "netIncomeFromContinuingOperations": "4458000000",
            "comprehensiveIncomeNetOfTax": "3009000000",
            "ebit": "5873000000",
            "ebitda": "7983000000",
            "netIncome": "4458000000"
        },
        {
            "fiscalDateEnding": "2022-06-30",
            "reportedCurrency": "USD",
            "grossProfit": "16101000000",
            "totalRevenue": "24020000000",
            "costOfRevenue": "7919000000",
            "costofGoodsAndServicesSold": "7919000000",
            "operatingIncome": "6172000000",
            "sellingGeneralAndAdministrative": "6226000000",
            "researchAndDevelopment": "3703000000",
            "operatingExpenses": "9929000000",
            "investmentIncomeNet": "None",
            "netInterestIncome": "26000000",
            "interestIncome": "64000000",
            "interestExpense": "38000000",
            "nonInterestIncome": "None",
            "otherNonOperatingIncome": "-273000000",
            "depreciation": "None",
            "depreciationAndAmortization": "1744000000",
            "incomeBeforeTax": "5840000000",
            "incomeTaxExpense": "1026000000",
            "interestAndDebtExpense": "None",
            "netIncomeFromContinuingOperations": "4814000000",
            "comprehensiveIncomeNetOfTax": "4728000000",
            "ebit": "5878000000",
            "ebitda": "7622000000",
            "netIncome": "4814000000"
        },
        {
            "fiscalDateEnding": "2022-03-31",
            "reportedCurrency": "USD",
            "grossProfit": "15828000000",
            "totalRevenue": "23426000000",
            "costOfRevenue": "7598000000",
            "costofGoodsAndServicesSold": "7598000000",
            "operatingIncome": "6428000000",
            "sellingGeneralAndAdministrative": "5938000000",
            "researchAndDevelopment": "3462000000",
            "operatingExpenses": "9400000000",
            "investmentIncomeNet": "None",
            "netInterestIncome": "12000000",
            "interestIncome": "22000000",
            "interestExpense": "10000000",
            "nonInterestIncome": "None",
            "otherNonOperatingIncome": "102000000",
            "depreciation": "None",
            "depreciationAndAmortization": "1769000000",
            "incomeBeforeTax": "5862000000",
            "incomeTaxExpense": "713000000",
            "interestAndDebtExpense": "None",
            "netIncomeFromContinuingOperations": "5149000000",
            "comprehensiveIncomeNetOfTax": "4450000000",
            "ebit": "5872000000",
            "ebitda": "7641000000",
            "netIncome": "5149000000"
        },
        {
            "fiscalDateEnding": "2021-12-31",
            "reportedCurrency": "USD",
            "grossProfit": "16849000000",
            "totalRevenue": "24508000000",
            "costOfRevenue": "16317000000",
            "costofGoodsAndServicesSold": "7955000000",
            "operatingIncome": "3755000000",
            "sellingGeneralAndAdministrative": "7154000000",
            "researchAndDevelopment": "4720000000",
            "operatingExpenses": "13094000000",
            "investmentIncomeNet": "13000000",
            "netInterestIncome": "-60000000",
            "interestIncome": "13000000",
            "interestExpense": "60000000",
            "nonInterestIncome": "24568000000",
            "otherNonOperatingIncome": "-9000000",
            "depreciation": "None",
            "depreciationAndAmortization": "1100000000",
            "incomeBeforeTax": "4836000000",
            "incomeTaxExpense": "100000000",
            "interestAndDebtExpense": "60000000",
            "netIncomeFromContinuingOperations": "4736000000",
            "comprehensiveIncomeNetOfTax": "7093000000",
            "ebit": "4896000000",
            "ebitda": "5996000000",
            "netIncome": "4736000000"
        },
        {
            "fiscalDateEnding": "2021-09-30",
            "reportedCurrency": "USD",
            "grossProfit": "16088000000",
            "totalRevenue": "23318000000",
            "costOfRevenue": "14410000000",
            "costofGoodsAndServicesSold": "7250000000",
            "operatingIncome": "4606000000",
            "sellingGeneralAndAdministrative": "6000000000",
            "researchAndDevelopment": "4322000000",
            "operatingExpenses": "11482000000",
            "investmentIncomeNet": "13000000",
            "netInterestIncome": "-20000000",
            "interestIncome": "13000000",
            "interestExpense": "20000000",
            "nonInterestIncome": "23338000000",
            "otherNonOperatingIncome": "-1850000000",
            "depreciation": "None",
            "depreciationAndAmortization": "1100000000",
            "incomeBeforeTax": "3849000000",
            "incomeTaxExpense": "182000000",
            "interestAndDebtExpense": "20000000",
            "netIncomeFromContinuingOperations": "3667000000",
            "comprehensiveIncomeNetOfTax": "3352000000",
            "ebit": "3869000000",
            "ebitda": "4969000000",
            "netIncome": "3667000000"
        },
        {
            "fiscalDateEnding": "2021-06-30",
            "reportedCurrency": "USD",
            "grossProfit": "15725000000",
            "totalRevenue": "23272000000",
            "costOfRevenue": "14916000000",
            "costofGoodsAndServicesSold": "7587000000",
            "operatingIncome": "5002000000",
            "sellingGeneralAndAdministrative": "6073000000",
            "researchAndDevelopment": "3394000000",
            "operatingExpenses": "10723000000",
            "investmentIncomeNet": "12000000",
            "netInterestIncome": "-40000000",
            "interestIncome": "12000000",
            "interestExpense": "40000000",
            "nonInterestIncome": "23312000000",
            "otherNonOperatingIncome": "488000000",
            "depreciation": "None",
            "depreciationAndAmortization": "1200000000",
            "incomeBeforeTax": "6662000000",
            "incomeTaxExpense": "384000000",
            "interestAndDebtExpense": "40000000",
            "netIncomeFromContinuingOperations": "6278000000",
            "comprehensiveIncomeNetOfTax": "6506000000",
            "ebit": "6702000000",
            "ebitda": "7902000000",
            "netIncome": "6278000000"
        },
        {
            "fiscalDateEnding": "2021-03-31",
            "reportedCurrency": "USD",
            "grossProfit": "15258000000",
            "totalRevenue": "22258000000",
            "costOfRevenue": "13762000000",
            "costofGoodsAndServicesSold": "7063000000",
            "operatingIncome": "5394000000",
            "sellingGeneralAndAdministrative": "5432000000",
            "researchAndDevelopment": "3178000000",
            "operatingExpenses": "9864000000",
            "investmentIncomeNet": "15000000",
            "netInterestIncome": "-63000000",
            "interestIncome": "15000000",
            "interestExpense": "63000000",
            "nonInterestIncome": "22321000000",
            "otherNonOperatingIncome": "882000000",
            "depreciation": "None",
            "depreciationAndAmortization": "1200000000",
            "incomeBeforeTax": "7429000000",
            "incomeTaxExpense": "1232000000",
            "interestAndDebtExpense": "63000000",
            "netIncomeFromContinuingOperations": "6197000000",
            "comprehensiveIncomeNetOfTax": "6111000000",
            "ebit": "7492000000",
            "ebitda": "8692000000",
            "netIncome": "6197000000"
        },
        {
            "fiscalDateEnding": "2020-12-31",
            "reportedCurrency": "USD",
            "grossProfit": "14661000000",
            "totalRevenue": "22179000000",
            "costOfRevenue": "15666000000",
            "costofGoodsAndServicesSold": "7814000000",
            "operatingIncome": "2751000000",
            "sellingGeneralAndAdministrative": "6457000000",
            "researchAndDevelopment": "4069000000",
            "operatingExpenses": "11910000000",
            "investmentIncomeNet": "13000000",
            "netInterestIncome": "-87000000",
            "interestIncome": "13000000",
            "interestExpense": "87000000",
            "nonInterestIncome": "22266000000",
            "otherNonOperatingIncome": "-2354000000",
            "depreciation": "None",
            "depreciationAndAmortization": "1300000000",
            "incomeBeforeTax": "1647000000",
            "incomeTaxExpense": "-91000000",
            "interestAndDebtExpense": "87000000",
            "netIncomeFromContinuingOperations": "1738000000",
            "comprehensiveIncomeNetOfTax": "1434000000",
            "ebit": "1734000000",
            "ebitda": "3034000000",
            "netIncome": "1738000000"
        },
        {
            "fiscalDateEnding": "2020-09-30",
            "reportedCurrency": "USD",
            "grossProfit": "14110000000",
            "totalRevenue": "21038000000",
            "costOfRevenue": "13671000000",
            "costofGoodsAndServicesSold": "6972000000",
            "operatingIncome": "4433000000",
            "sellingGeneralAndAdministrative": "5431000000",
            "researchAndDevelopment": "2978000000",
            "operatingExpenses": "9677000000",
            "investmentIncomeNet": "12000000",
            "netInterestIncome": "-44000000",
            "interestIncome": "12000000",
            "interestExpense": "44000000",
            "nonInterestIncome": "21082000000",
            "otherNonOperatingIncome": "-1200000000",
            "depreciation": "None",
            "depreciationAndAmortization": "1200000000",
            "incomeBeforeTax": "4401000000",
            "incomeTaxExpense": "847000000",
            "interestAndDebtExpense": "44000000",
            "netIncomeFromContinuingOperations": "3554000000",
            "comprehensiveIncomeNetOfTax": "4149000000",
            "ebit": "4445000000",
            "ebitda": "5645000000",
            "netIncome": "3554000000"
        },
        {
            "fiscalDateEnding": "2020-06-30",
            "reportedCurrency": "USD",
            "grossProfit": "11757000000",
            "totalRevenue": "18291000000",
            "costOfRevenue": "12733000000",
            "costofGoodsAndServicesSold": "6579000000",
            "operatingIncome": "2890000000",
            "sellingGeneralAndAdministrative": "4993000000",
            "researchAndDevelopment": "2713000000",
            "operatingExpenses": "8867000000",
            "investmentIncomeNet": "19000000",
            "netInterestIncome": "-45000000",
            "interestIncome": "19000000",
            "interestExpense": "45000000",
            "nonInterestIncome": "18336000000",
            "otherNonOperatingIncome": "-24000000",
            "depreciation": "None",
            "depreciationAndAmortization": "1100000000",
            "incomeBeforeTax": "3940000000",
            "incomeTaxExpense": "314000000",
            "interestAndDebtExpense": "45000000",
            "netIncomeFromContinuingOperations": "3626000000",
            "comprehensiveIncomeNetOfTax": "4336000000",
            "ebit": "3985000000",
            "ebitda": "5085000000",
            "netIncome": "3626000000"
        },
        {
            "fiscalDateEnding": "2020-03-31",
            "reportedCurrency": "USD",
            "grossProfit": "13629000000",
            "totalRevenue": "20666000000",
            "costOfRevenue": "13434000000",
            "costofGoodsAndServicesSold": "7062000000",
            "operatingIncome": "4655000000",
            "sellingGeneralAndAdministrative": "5203000000",
            "researchAndDevelopment": "2580000000",
            "operatingExpenses": "8974000000",
            "investmentIncomeNet": "67000000",
            "netInterestIncome": "-25000000",
            "interestIncome": "67000000",
            "interestExpense": "25000000",
            "nonInterestIncome": "20691000000",
            "otherNonOperatingIncome": "679000000",
            "depreciation": "None",
            "depreciationAndAmortization": "1100000000",
            "incomeBeforeTax": "6509000000",
            "incomeTaxExpense": "713000000",
            "interestAndDebtExpense": "25000000",
            "netIncomeFromContinuingOperations": "5796000000",
            "comprehensiveIncomeNetOfTax": "5444000000",
            "ebit": "6534000000",
            "ebitda": "7634000000",
            "netIncome": "5796000000"
        },
        {
            "fiscalDateEnding": "2019-12-31",
            "reportedCurrency": "USD",
            "grossProfit": "13613000000",
            "totalRevenue": "20747000000",
            "costOfRevenue": "341000000",
            "costofGoodsAndServicesSold": "7134000000",
            "operatingIncome": "13008000000",
            "sellingGeneralAndAdministrative": "6039000000",
            "researchAndDevelopment": "3232000000",
            "operatingExpenses": "605000000",
            "investmentIncomeNet": "81000000",
            "netInterestIncome": "-85000000",
            "interestIncome": "81000000",
            "interestExpense": "85000000",
            "nonInterestIncome": "20747000000",
            "otherNonOperatingIncome": "-16000000",
            "depreciation": "None",
            "depreciationAndAmortization": "1200000000",
            "incomeBeforeTax": "4218000000",
            "incomeTaxExpense": "208000000",
            "interestAndDebtExpense": "85000000",
            "netIncomeFromContinuingOperations": "4218000000",
            "comprehensiveIncomeNetOfTax": "4218000000",
            "ebit": "4303000000",
            "ebitda": "5503000000",
            "netIncome": "4010000000"
        },
        {
            "fiscalDateEnding": "2019-09-30",
            "reportedCurrency": "USD",
            "grossProfit": "13862000000",
            "totalRevenue": "20681000000",
            "costOfRevenue": "13410000000",
            "costofGoodsAndServicesSold": "6867000000",
            "operatingIncome": "4720000000",
            "sellingGeneralAndAdministrative": "5374000000",
            "researchAndDevelopment": "2599000000",
            "operatingExpenses": "9142000000",
            "investmentIncomeNet": "89000000",
            "netInterestIncome": "-48000000",
            "interestIncome": "89000000",
            "interestExpense": "48000000",
            "nonInterestIncome": "20729000000",
            "otherNonOperatingIncome": "-4214000000",
            "depreciation": "None",
            "depreciationAndAmortization": "1100000000",
            "incomeBeforeTax": "1647000000",
            "incomeTaxExpense": "-106000000",
            "interestAndDebtExpense": "48000000",
            "netIncomeFromContinuingOperations": "1753000000",
            "comprehensiveIncomeNetOfTax": "1189000000",
            "ebit": "1695000000",
            "ebitda": "2795000000",
            "netIncome": "1753000000"
        },
        {
            "fiscalDateEnding": "2019-06-30",
            "reportedCurrency": "USD",
            "grossProfit": "13622000000",
            "totalRevenue": "20479000000",
            "costOfRevenue": "13643000000",
            "costofGoodsAndServicesSold": "6940000000",
            "operatingIncome": "4253000000",
            "sellingGeneralAndAdministrative": "5546000000",
            "researchAndDevelopment": "2666000000",
            "operatingExpenses": "9369000000",
            "investmentIncomeNet": "88000000",
            "netInterestIncome": "-83000000",
            "interestIncome": "88000000",
            "interestExpense": "83000000",
            "nonInterestIncome": "20562000000",
            "otherNonOperatingIncome": "1683000000",
            "depreciation": "None",
            "depreciationAndAmortization": "1100000000",
            "incomeBeforeTax": "7041000000",
            "incomeTaxExpense": "1434000000",
            "interestAndDebtExpense": "83000000",
            "netIncomeFromContinuingOperations": "5607000000",
            "comprehensiveIncomeNetOfTax": "6155000000",
            "ebit": "7124000000",
            "ebitda": "8224000000",
            "netIncome": "5607000000"
        },
        {
            "fiscalDateEnding": "2019-03-31",
            "reportedCurrency": "USD",
            "grossProfit": "13406000000",
            "totalRevenue": "19919000000",
            "costOfRevenue": "13883000000",
            "costofGoodsAndServicesSold": "6615000000",
            "operatingIncome": "2393000000",
            "sellingGeneralAndAdministrative": "5219000000",
            "researchAndDevelopment": "3748000000",
            "operatingExpenses": "11013000000",
            "investmentIncomeNet": "99000000",
            "netInterestIncome": "-102000000",
            "interestIncome": "99000000",
            "interestExpense": "102000000",
            "nonInterestIncome": "20021000000",
            "otherNonOperatingIncome": "22000000",
            "depreciation": "None",
            "depreciationAndAmortization": "1100000000",
            "incomeBeforeTax": "4422000000",
            "incomeTaxExpense": "673000000",
            "interestAndDebtExpense": "102000000",
            "netIncomeFromContinuingOperations": "3749000000",
            "comprehensiveIncomeNetOfTax": "3454000000",
            "ebit": "4524000000",
            "ebitda": "5624000000",
            "netIncome": "3749000000"
        },
        {
            "fiscalDateEnding": "2018-12-31",
            "reportedCurrency": "USD",
            "grossProfit": "13433000000",
            "totalRevenue": "20394000000",
            "costOfRevenue": "227000000",
            "costofGoodsAndServicesSold": "6961000000",
            "operatingIncome": "11918000000",
            "sellingGeneralAndAdministrative": "5991000000",
            "researchAndDevelopment": "3224000000",
            "operatingExpenses": "1515000000",
            "investmentIncomeNet": "196000000",
            "netInterestIncome": "-250000000",
            "interestIncome": "None",
            "interestExpense": "250000000",
            "nonInterestIncome": "20394000000",
            "otherNonOperatingIncome": "-978000000",
            "depreciation": "None",
            "depreciationAndAmortization": "1100000000",
            "incomeBeforeTax": "3122000000",
            "incomeTaxExpense": "80000000",
            "interestAndDebtExpense": "250000000",
            "netIncomeFromContinuingOperations": "1222000000",
            "comprehensiveIncomeNetOfTax": "1222000000",
            "ebit": "3372000000",
            "ebitda": "4472000000",
            "netIncome": "3042000000"
        },
        {
            "fiscalDateEnding": "2018-09-30",
            "reportedCurrency": "USD",
            "grossProfit": "13759000000",
            "totalRevenue": "20105000000",
            "costOfRevenue": "12220000000",
            "costofGoodsAndServicesSold": "6589000000",
            "operatingIncome": "4494000000",
            "sellingGeneralAndAdministrative": "5543000000",
            "researchAndDevelopment": "3634000000",
            "operatingExpenses": "9265000000",
            "investmentIncomeNet": "175000000",
            "netInterestIncome": "-243000000",
            "interestIncome": "None",
            "interestExpense": "243000000",
            "nonInterestIncome": "20348000000",
            "otherNonOperatingIncome": "-3000000",
            "depreciation": "None",
            "depreciationAndAmortization": "1100000000",
            "incomeBeforeTax": "4423000000",
            "incomeTaxExpense": "489000000",
            "interestAndDebtExpense": "243000000",
            "netIncomeFromContinuingOperations": "3934000000",
            "comprehensiveIncomeNetOfTax": "4064000000",
            "ebit": "4666000000",
            "ebitda": "5766000000",
            "netIncome": "3934000000"
        },
        {
            "fiscalDateEnding": "2018-06-30",
            "reportedCurrency": "USD",
            "grossProfit": "13903000000",
            "totalRevenue": "20830000000",
            "costOfRevenue": "176000000",
            "costofGoodsAndServicesSold": "6927000000",
            "operatingIncome": "13024000000",
            "sellingGeneralAndAdministrative": "5743000000",
            "researchAndDevelopment": "2639000000",
            "operatingExpenses": "879000000",
            "investmentIncomeNet": "126000000",
            "netInterestIncome": "-253000000",
            "interestIncome": "None",
            "interestExpense": "253000000",
            "nonInterestIncome": "20830000000",
            "otherNonOperatingIncome": "-364000000",
            "depreciation": "None",
            "depreciationAndAmortization": "1100000000",
            "incomeBeforeTax": "4973000000",
            "incomeTaxExpense": "1019000000",
            "interestAndDebtExpense": "253000000",
            "netIncomeFromContinuingOperations": "4973000000",
            "comprehensiveIncomeNetOfTax": "1785000000",
            "ebit": "5226000000",
            "ebitda": "6326000000",
            "netIncome": "3954000000"
        },
        {
            "fiscalDateEnding": "2018-03-31",
            "reportedCurrency": "USD",
            "grossProfit": "13395000000",
            "totalRevenue": "20009000000",
            "costOfRevenue": "13019000000",
            "costofGoodsAndServicesSold": "6614000000",
            "operatingIncome": "13395000000",
            "sellingGeneralAndAdministrative": "5263000000",
            "researchAndDevelopment": "2404000000",
            "operatingExpenses": "8789000000",
            "investmentIncomeNet": "114000000",
            "netInterestIncome": "-259000000",
            "interestIncome": "None",
            "interestExpense": "259000000",
            "nonInterestIncome": "20009000000",
            "otherNonOperatingIncome": "-60000000",
            "depreciation": "None",
            "depreciationAndAmortization": "1100000000",
            "incomeBeforeTax": "5481000000",
            "incomeTaxExpense": "1114000000",
            "interestAndDebtExpense": "259000000",
            "netIncomeFromContinuingOperations": "5481000000",
            "comprehensiveIncomeNetOfTax": "5190000000",
            "ebit": "5740000000",
            "ebitda": "6840000000",
            "netIncome": "4367000000"
        }
    ]
}