{
    "symbol": "MGM",
    "annualReports": [
        {
            "fiscalDateEnding": "2022-12-31",
            "reportedCurrency": "USD",
            "grossProfit": "7114041000",
            "totalRevenue": "14822708000",
            "costOfRevenue": "7708667000",
            "costofGoodsAndServicesSold": "6652983000",
            "operatingIncome": "1439372000",
            "sellingGeneralAndAdministrative": "4226617000",
            "researchAndDevelopment": "None",
            "operatingExpenses": "7731405000",
            "investmentIncomeNet": "None",
            "netInterestIncome": "-594954000",
            "interestIncome": "618411000",
            "interestExpense": "594954000",
            "nonInterestIncome": "13127485000",
            "otherNonOperatingIncome": "82838000",
            "depreciation": "None",
            "depreciationAndAmortization": "3482050000",
            "incomeBeforeTax": "2170161000",
            "incomeTaxExpense": "697068000",
            "interestAndDebtExpense": "594954000",
            "netIncomeFromContinuingOperations": "206731000",
            "comprehensiveIncomeNetOfTax": "1520844000",
            "ebit": "2765115000",
            "ebitda": "6247165000",
            "netIncome": "1473093000"
        },
        {
            "fiscalDateEnding": "2021-12-31",
            "reportedCurrency": "USD",
            "grossProfit": "5251078000",
            "totalRevenue": "8908927000",
            "costOfRevenue": "3657849000",
            "costofGoodsAndServicesSold": "5030609000",
            "operatingIncome": "2278699000",
            "sellingGeneralAndAdministrative": "2507239000",
            "researchAndDevelopment": "None",
            "operatingExpenses": "3679701000",
            "investmentIncomeNet": "None",
            "netInterestIncome": "-799593000",
            "interestIncome": "882836000",
            "interestExpense": "799593000",
            "nonInterestIncome": "9680103000",
            "otherNonOperatingIncome": "65941000",
            "depreciation": "None",
            "depreciationAndAmortization": "1150610000",
            "incomeBeforeTax": "1507785000",
            "incomeTaxExpense": "253415000",
            "interestAndDebtExpense": "799630000",
            "netIncomeFromContinuingOperations": "1208389000",
            "comprehensiveIncomeNetOfTax": "1254222000",
            "ebit": "2307378000",
            "ebitda": "3457988000",
            "netIncome": "1254370000"
        },
        {
            "fiscalDateEnding": "2020-12-31",
            "reportedCurrency": "USD",
            "grossProfit": "2492271000",
            "totalRevenue": "5851185000",
            "costOfRevenue": "3358914000",
            "costofGoodsAndServicesSold": "3452711000",
            "operatingIncome": "-642434000",
            "sellingGeneralAndAdministrative": "2122333000",
            "researchAndDevelopment": "None",
            "operatingExpenses": "3479336000",
            "investmentIncomeNet": "None",
            "netInterestIncome": "-676380000",
            "interestIncome": "779684000",
            "interestExpense": "676380000",
            "nonInterestIncome": "5035620000",
            "otherNonOperatingIncome": "-89361000",
            "depreciation": "None",
            "depreciationAndAmortization": "1210556000",
            "incomeBeforeTax": "-1224296000",
            "incomeTaxExpense": "-191572000",
            "interestAndDebtExpense": "802842000",
            "netIncomeFromContinuingOperations": "-1319907000",
            "comprehensiveIncomeNetOfTax": "-1061541000",
            "ebit": "-547916000",
            "ebitda": "662640000",
            "netIncome": "-1032724000"
        },
        {
            "fiscalDateEnding": "2019-12-31",
            "reportedCurrency": "USD",
            "grossProfit": "11026405000",
            "totalRevenue": "14531585000",
            "costOfRevenue": "3505180000",
            "costofGoodsAndServicesSold": "7603489000",
            "operatingIncome": "3940215000",
            "sellingGeneralAndAdministrative": "2101217000",
            "researchAndDevelopment": "None",
            "operatingExpenses": "3544450000",
            "investmentIncomeNet": "None",
            "netInterestIncome": "-847932000",
            "interestIncome": "910228000",
            "interestExpense": "847932000",
            "nonInterestIncome": "12701521000",
            "otherNonOperatingIncome": "-183262000",
            "depreciation": "None",
            "depreciationAndAmortization": "1304649000",
            "incomeBeforeTax": "2681491000",
            "incomeTaxExpense": "632345000",
            "interestAndDebtExpense": "1046083000",
            "netIncomeFromContinuingOperations": "2214380000",
            "comprehensiveIncomeNetOfTax": "2045298000",
            "ebit": "3529423000",
            "ebitda": "4834072000",
            "netIncome": "2049146000"
        },
        {
            "fiscalDateEnding": "2018-12-31",
            "reportedCurrency": "USD",
            "grossProfit": "7895890000",
            "totalRevenue": "10989964000",
            "costOfRevenue": "3094074000",
            "costofGoodsAndServicesSold": "6918875000",
            "operatingIncome": "1469486000",
            "sellingGeneralAndAdministrative": "1764638000",
            "researchAndDevelopment": "None",
            "operatingExpenses": "3133836000",
            "investmentIncomeNet": "None",
            "netInterestIncome": "-769513000",
            "interestIncome": "817340000",
            "interestExpense": "769513000",
            "nonInterestIncome": "11759477000",
            "otherNonOperatingIncome": "-18140000",
            "depreciation": "None",
            "depreciationAndAmortization": "1178044000",
            "incomeBeforeTax": "516884000",
            "incomeTaxExpense": "50112000",
            "interestAndDebtExpense": "773132000",
            "netIncomeFromContinuingOperations": "583894000",
            "comprehensiveIncomeNetOfTax": "461826000",
            "ebit": "1286397000",
            "ebitda": "2464441000",
            "netIncome": "466772000"
        }
    ],
    "quarterlyReports": [
        {
            "fiscalDateEnding": "2022-12-31",
            "reportedCurrency": "USD",
            "grossProfit": "864898000",
            "totalRevenue": "3495076000",
            "costOfRevenue": "2630178000",
            "costofGoodsAndServicesSold": "1852803000",
            "operatingIncome": "-1896000",
            "sellingGeneralAndAdministrative": "1208541000",
            "researchAndDevelopment": "None",
            "operatingExpenses": "2646089000",
            "investmentIncomeNet": "None",
            "netInterestIncome": "-137132000",
            "interestIncome": "138341000",
            "interestExpense": "137132000",
            "nonInterestIncome": "3592216000",
            "otherNonOperatingIncome": "106160000",
            "depreciation": "None",
            "depreciationAndAmortization": "1421637000",
            "incomeBeforeTax": "569939000",
            "incomeTaxExpense": "285937000",
            "interestAndDebtExpense": "137132000",
            "netIncomeFromContinuingOperations": "-320014000",
            "comprehensiveIncomeNetOfTax": "352051000",
            "ebit": "707071000",
            "ebitda": "2128708000",
            "netIncome": "284002000"
        },
        {
            "fiscalDateEnding": "2022-09-30",
            "reportedCurrency": "USD",
            "grossProfit": "672906000",
            "totalRevenue": "3290900000",
            "costOfRevenue": "2617994000",
            "costofGoodsAndServicesSold": "1720561000",
            "operatingIncome": "-1045971000",
            "sellingGeneralAndAdministrative": "1212474000",
            "researchAndDevelopment": "None",
            "operatingExpenses": "2617994000",
            "investmentIncomeNet": "None",
            "netInterestIncome": "-125172000",
            "interestIncome": "146167000",
            "interestExpense": "125172000",
            "nonInterestIncome": "3416072000",
            "otherNonOperatingIncome": "-14316000",
            "depreciation": "None",
            "depreciationAndAmortization": "1405520000",
            "incomeBeforeTax": "-702197000",
            "incomeTaxExpense": "-125367000",
            "interestAndDebtExpense": "125172000",
            "netIncomeFromContinuingOperations": "-1061087000",
            "comprehensiveIncomeNetOfTax": "-593718000",
            "ebit": "-577025000",
            "ebitda": "828495000",
            "netIncome": "-576830000"
        },
        {
            "fiscalDateEnding": "2022-06-30",
            "reportedCurrency": "USD",
            "grossProfit": "4011056000",
            "totalRevenue": "5406076000",
            "costOfRevenue": "1395020000",
            "costofGoodsAndServicesSold": "1609824000",
            "operatingIncome": "2381451000",
            "sellingGeneralAndAdministrative": "1028765000",
            "researchAndDevelopment": "None",
            "operatingExpenses": "1395020000",
            "investmentIncomeNet": "None",
            "netInterestIncome": "-136559000",
            "interestIncome": "142679000",
            "interestExpense": "136559000",
            "nonInterestIncome": "3264888000",
            "otherNonOperatingIncome": "-43308000",
            "depreciation": "None",
            "depreciationAndAmortization": "366255000",
            "incomeBeforeTax": "2356776000",
            "incomeTaxExpense": "572839000",
            "interestAndDebtExpense": "136559000",
            "netIncomeFromContinuingOperations": "1622625000",
            "comprehensiveIncomeNetOfTax": "1777918000",
            "ebit": "2493335000",
            "ebitda": "2859590000",
            "netIncome": "1783937000"
        },
        {
            "fiscalDateEnding": "2022-03-31",
            "reportedCurrency": "USD",
            "grossProfit": "1607726000",
            "totalRevenue": "2673201000",
            "costOfRevenue": "1065475000",
            "costofGoodsAndServicesSold": "1469795000",
            "operatingIncome": "105788000",
            "sellingGeneralAndAdministrative": "776837000",
            "researchAndDevelopment": "None",
            "operatingExpenses": "1065728000",
            "investmentIncomeNet": "None",
            "netInterestIncome": "-196091000",
            "interestIncome": "211224000",
            "interestExpense": "196091000",
            "nonInterestIncome": "2854309000",
            "otherNonOperatingIncome": "34302000",
            "depreciation": "None",
            "depreciationAndAmortization": "288638000",
            "incomeBeforeTax": "-54357000",
            "incomeTaxExpense": "-36341000",
            "interestAndDebtExpense": "196091000",
            "netIncomeFromContinuingOperations": "-34793000",
            "comprehensiveIncomeNetOfTax": "-15407000",
            "ebit": "141734000",
            "ebitda": "430372000",
            "netIncome": "-18016000"
        },
        {
            "fiscalDateEnding": "2021-12-31",
            "reportedCurrency": "USD",
            "grossProfit": "-873000000",
            "totalRevenue": "2845260000",
            "costOfRevenue": "873000000",
            "costofGoodsAndServicesSold": "1564989000",
            "operatingIncome": "368847000",
            "sellingGeneralAndAdministrative": "747348000",
            "researchAndDevelopment": "None",
            "operatingExpenses": "873000000",
            "investmentIncomeNet": "None",
            "netInterestIncome": "-201477000",
            "interestIncome": "217247000",
            "interestExpense": "201477000",
            "nonInterestIncome": "3056892000",
            "otherNonOperatingIncome": "-4361000",
            "depreciation": "None",
            "depreciationAndAmortization": "297031000",
            "incomeBeforeTax": "162165000",
            "incomeTaxExpense": "31152000",
            "interestAndDebtExpense": "201477000",
            "netIncomeFromContinuingOperations": "-1746000000",
            "comprehensiveIncomeNetOfTax": "131555000",
            "ebit": "363642000",
            "ebitda": "660673000",
            "netIncome": "131013000"
        },
        {
            "fiscalDateEnding": "2021-09-30",
            "reportedCurrency": "USD",
            "grossProfit": "1604812000",
            "totalRevenue": "2507490000",
            "costOfRevenue": "902678000",
            "costofGoodsAndServicesSold": "1392181000",
            "operatingIncome": "1892782000",
            "sellingGeneralAndAdministrative": "623275000",
            "researchAndDevelopment": "None",
            "operatingExpenses": "902678000",
            "investmentIncomeNet": "None",
            "netInterestIncome": "-200049000",
            "interestIncome": "214470000",
            "interestExpense": "200049000",
            "nonInterestIncome": "2707539000",
            "otherNonOperatingIncome": "-49241000",
            "depreciation": "None",
            "depreciationAndAmortization": "279403000",
            "incomeBeforeTax": "1632568000",
            "incomeTaxExpense": "282135000",
            "interestAndDebtExpense": "200049000",
            "netIncomeFromContinuingOperations": "1337936000",
            "comprehensiveIncomeNetOfTax": "1346332000",
            "ebit": "1832617000",
            "ebitda": "2112020000",
            "netIncome": "1350433000"
        },
        {
            "fiscalDateEnding": "2021-06-30",
            "reportedCurrency": "USD",
            "grossProfit": "1191356000",
            "totalRevenue": "2065190000",
            "costOfRevenue": "873834000",
            "costofGoodsAndServicesSold": "1145652000",
            "operatingIncome": "263760000",
            "sellingGeneralAndAdministrative": "590209000",
            "researchAndDevelopment": "None",
            "operatingExpenses": "873834000",
            "investmentIncomeNet": "None",
            "netInterestIncome": "-202772000",
            "interestIncome": "219988000",
            "interestExpense": "202772000",
            "nonInterestIncome": "2267962000",
            "otherNonOperatingIncome": "87358000",
            "depreciation": "None",
            "depreciationAndAmortization": "283625000",
            "incomeBeforeTax": "139579000",
            "incomeTaxExpense": "34826000",
            "interestAndDebtExpense": "202772000",
            "netIncomeFromContinuingOperations": "90304000",
            "comprehensiveIncomeNetOfTax": "108418000",
            "ebit": "342351000",
            "ebitda": "625976000",
            "netIncome": "104753000"
        },
        {
            "fiscalDateEnding": "2021-03-31",
            "reportedCurrency": "USD",
            "grossProfit": "615494000",
            "totalRevenue": "1452452000",
            "costOfRevenue": "836958000",
            "costofGoodsAndServicesSold": "927787000",
            "operatingIncome": "-246690000",
            "sellingGeneralAndAdministrative": "546407000",
            "researchAndDevelopment": "None",
            "operatingExpenses": "839085000",
            "investmentIncomeNet": "None",
            "netInterestIncome": "-195295000",
            "interestIncome": "211131000",
            "interestExpense": "195295000",
            "nonInterestIncome": "1647747000",
            "otherNonOperatingIncome": "32185000",
            "depreciation": "None",
            "depreciationAndAmortization": "290551000",
            "incomeBeforeTax": "-426527000",
            "incomeTaxExpense": "-94698000",
            "interestAndDebtExpense": "195295000",
            "netIncomeFromContinuingOperations": "-335938000",
            "comprehensiveIncomeNetOfTax": "-332083000",
            "ebit": "-231232000",
            "ebitda": "59319000",
            "netIncome": "-331829000"
        },
        {
            "fiscalDateEnding": "2020-12-31",
            "reportedCurrency": "USD",
            "grossProfit": "468847000",
            "totalRevenue": "1304857000",
            "costOfRevenue": "836010000",
            "costofGoodsAndServicesSold": "910660000",
            "operatingIncome": "-363568000",
            "sellingGeneralAndAdministrative": "531170000",
            "researchAndDevelopment": "None",
            "operatingExpenses": "831204000",
            "investmentIncomeNet": "None",
            "netInterestIncome": "-188679000",
            "interestIncome": "211997000",
            "interestExpense": "188679000",
            "nonInterestIncome": "1493536000",
            "otherNonOperatingIncome": "12693000",
            "depreciation": "None",
            "depreciationAndAmortization": "298697000",
            "incomeBeforeTax": "-554509000",
            "incomeTaxExpense": "-106904000",
            "interestAndDebtExpense": "188679000",
            "netIncomeFromContinuingOperations": "-455968000",
            "comprehensiveIncomeNetOfTax": "-442353000",
            "ebit": "-365830000",
            "ebitda": "-67133000",
            "netIncome": "-447605000"
        },
        {
            "fiscalDateEnding": "2020-09-30",
            "reportedCurrency": "USD",
            "grossProfit": "114456000",
            "totalRevenue": "952112000",
            "costOfRevenue": "837656000",
            "costofGoodsAndServicesSold": "729517000",
            "operatingIncome": "-495182000",
            "sellingGeneralAndAdministrative": "543293000",
            "researchAndDevelopment": "None",
            "operatingExpenses": "837656000",
            "investmentIncomeNet": "None",
            "netInterestIncome": "-173808000",
            "interestIncome": "197412000",
            "interestExpense": "173808000",
            "nonInterestIncome": "1125920000",
            "otherNonOperatingIncome": "13889000",
            "depreciation": "None",
            "depreciationAndAmortization": "294363000",
            "incomeBeforeTax": "-611465000",
            "incomeTaxExpense": "-76734000",
            "interestAndDebtExpense": "173808000",
            "netIncomeFromContinuingOperations": "-601971000",
            "comprehensiveIncomeNetOfTax": "-535071000",
            "ebit": "-437657000",
            "ebitda": "-143294000",
            "netIncome": "-534731000"
        },
        {
            "fiscalDateEnding": "2020-06-30",
            "reportedCurrency": "USD",
            "grossProfit": "-659599000",
            "totalRevenue": "133053000",
            "costOfRevenue": "792652000",
            "costofGoodsAndServicesSold": "374370000",
            "operatingIncome": "-1034529000",
            "sellingGeneralAndAdministrative": "473564000",
            "researchAndDevelopment": "None",
            "operatingExpenses": "841652000",
            "investmentIncomeNet": "None",
            "netInterestIncome": "-156756000",
            "interestIncome": "180517000",
            "interestExpense": "156756000",
            "nonInterestIncome": "289809000",
            "otherNonOperatingIncome": "8321000",
            "depreciation": "None",
            "depreciationAndAmortization": "299206000",
            "incomeBeforeTax": "-1127495000",
            "incomeTaxExpense": "-270238000",
            "interestAndDebtExpense": "156756000",
            "netIncomeFromContinuingOperations": "-936487000",
            "comprehensiveIncomeNetOfTax": "-861238000",
            "ebit": "-970739000",
            "ebitda": "-671533000",
            "netIncome": "-857257000"
        },
        {
            "fiscalDateEnding": "2020-03-31",
            "reportedCurrency": "USD",
            "grossProfit": "2568164000",
            "totalRevenue": "3460882000",
            "costOfRevenue": "892718000",
            "costofGoodsAndServicesSold": "1438164000",
            "operatingIncome": "1250845000",
            "sellingGeneralAndAdministrative": "574306000",
            "researchAndDevelopment": "None",
            "operatingExpenses": "914698000",
            "investmentIncomeNet": "None",
            "netInterestIncome": "-157137000",
            "interestIncome": "189758000",
            "interestExpense": "157137000",
            "nonInterestIncome": "2126074000",
            "otherNonOperatingIncome": "-124264000",
            "depreciation": "None",
            "depreciationAndAmortization": "318290000",
            "incomeBeforeTax": "1069173000",
            "incomeTaxExpense": "262304000",
            "interestAndDebtExpense": "283880000",
            "netIncomeFromContinuingOperations": "674519000",
            "comprehensiveIncomeNetOfTax": "777121000",
            "ebit": "1226310000",
            "ebitda": "1544600000",
            "netIncome": "806869000"
        },
        {
            "fiscalDateEnding": "2019-12-31",
            "reportedCurrency": "USD",
            "grossProfit": "3043136000",
            "totalRevenue": "3043136000",
            "costOfRevenue": "896535000",
            "costofGoodsAndServicesSold": "1899644000",
            "operatingIncome": "2960089000",
            "sellingGeneralAndAdministrative": "557453000",
            "researchAndDevelopment": "None",
            "operatingExpenses": "905349000",
            "investmentIncomeNet": "None",
            "netInterestIncome": "-200480000",
            "interestIncome": "208465000",
            "interestExpense": "200480000",
            "nonInterestIncome": "3043136000",
            "otherNonOperatingIncome": "-129298000",
            "depreciation": "None",
            "depreciationAndAmortization": "331438000",
            "incomeBeforeTax": "2567953000",
            "incomeTaxExpense": "556376000",
            "interestAndDebtExpense": "142000000",
            "netIncomeFromContinuingOperations": "2960089000",
            "comprehensiveIncomeNetOfTax": "2045918000",
            "ebit": "2768433000",
            "ebitda": "3099871000",
            "netIncome": "2011577000"
        },
        {
            "fiscalDateEnding": "2019-09-30",
            "reportedCurrency": "USD",
            "grossProfit": "2279226000",
            "totalRevenue": "3098879000",
            "costOfRevenue": "819653000",
            "costofGoodsAndServicesSold": "1936650000",
            "operatingIncome": "238381000",
            "sellingGeneralAndAdministrative": "494228000",
            "researchAndDevelopment": "None",
            "operatingExpenses": "819653000",
            "investmentIncomeNet": "None",
            "netInterestIncome": "-215503000",
            "interestIncome": "230172000",
            "interestExpense": "215503000",
            "nonInterestIncome": "3314382000",
            "otherNonOperatingIncome": "-9381000",
            "depreciation": "None",
            "depreciationAndAmortization": "322009000",
            "incomeBeforeTax": "-44409000",
            "incomeTaxExpense": "-7276000",
            "interestAndDebtExpense": "215503000",
            "netIncomeFromContinuingOperations": "6104000",
            "comprehensiveIncomeNetOfTax": "-57913000",
            "ebit": "171094000",
            "ebitda": "493103000",
            "netIncome": "-37133000"
        },
        {
            "fiscalDateEnding": "2019-06-30",
            "reportedCurrency": "USD",
            "grossProfit": "2104333000",
            "totalRevenue": "3007414000",
            "costOfRevenue": "903081000",
            "costofGoodsAndServicesSold": "1904820000",
            "operatingIncome": "371485000",
            "sellingGeneralAndAdministrative": "524424000",
            "researchAndDevelopment": "None",
            "operatingExpenses": "903081000",
            "investmentIncomeNet": "None",
            "netInterestIncome": "-215829000",
            "interestIncome": "237306000",
            "interestExpense": "215829000",
            "nonInterestIncome": "3223243000",
            "otherNonOperatingIncome": "-46276000",
            "depreciation": "None",
            "depreciationAndAmortization": "334788000",
            "incomeBeforeTax": "55139000",
            "incomeTaxExpense": "11734000",
            "interestAndDebtExpense": "215829000",
            "netIncomeFromContinuingOperations": "76169000",
            "comprehensiveIncomeNetOfTax": "41508000",
            "ebit": "270968000",
            "ebitda": "605756000",
            "netIncome": "43405000"
        },
        {
            "fiscalDateEnding": "2019-03-31",
            "reportedCurrency": "USD",
            "grossProfit": "2074880000",
            "totalRevenue": "2960791000",
            "costOfRevenue": "885911000",
            "costofGoodsAndServicesSold": "1862375000",
            "operatingIncome": "370260000",
            "sellingGeneralAndAdministrative": "525112000",
            "researchAndDevelopment": "None",
            "operatingExpenses": "894289000",
            "investmentIncomeNet": "None",
            "netInterestIncome": "-216120000",
            "interestIncome": "234285000",
            "interestExpense": "216120000",
            "nonInterestIncome": "3176911000",
            "otherNonOperatingIncome": "1693000",
            "depreciation": "None",
            "depreciationAndAmortization": "316414000",
            "incomeBeforeTax": "102808000",
            "incomeTaxExpense": "71511000",
            "interestAndDebtExpense": "216120000",
            "netIncomeFromContinuingOperations": "66157000",
            "comprehensiveIncomeNetOfTax": "15785000",
            "ebit": "318928000",
            "ebitda": "635342000",
            "netIncome": "31297000"
        },
        {
            "fiscalDateEnding": "2018-12-31",
            "reportedCurrency": "USD",
            "grossProfit": "3052862000",
            "totalRevenue": "3052862000",
            "costOfRevenue": "775928000",
            "costofGoodsAndServicesSold": "1826825000",
            "operatingIncome": "335751000",
            "sellingGeneralAndAdministrative": "444878000",
            "researchAndDevelopment": "None",
            "operatingExpenses": "783039000",
            "investmentIncomeNet": "None",
            "netInterestIncome": "-214538000",
            "interestIncome": "None",
            "interestExpense": "214538000",
            "nonInterestIncome": "3052862000",
            "otherNonOperatingIncome": "-6552000",
            "depreciation": "None",
            "depreciationAndAmortization": "312542000",
            "incomeBeforeTax": "68673000",
            "incomeTaxExpense": "92000000",
            "interestAndDebtExpense": "215964000",
            "netIncomeFromContinuingOperations": "243751000",
            "comprehensiveIncomeNetOfTax": "-38117000",
            "ebit": "283211000",
            "ebitda": "595753000",
            "netIncome": "-23327000"
        },
        {
            "fiscalDateEnding": "2018-09-30",
            "reportedCurrency": "USD",
            "grossProfit": "2012950000",
            "totalRevenue": "2823729000",
            "costOfRevenue": "810779000",
            "costofGoodsAndServicesSold": "1787426000",
            "operatingIncome": "410903000",
            "sellingGeneralAndAdministrative": "463417000",
            "researchAndDevelopment": "None",
            "operatingExpenses": "810779000",
            "investmentIncomeNet": "None",
            "netInterestIncome": "-205573000",
            "interestIncome": "None",
            "interestExpense": "205573000",
            "nonInterestIncome": "3029302000",
            "otherNonOperatingIncome": "-3291000",
            "depreciation": "None",
            "depreciationAndAmortization": "300472000",
            "incomeBeforeTax": "161924000",
            "incomeTaxExpense": "19046000",
            "interestAndDebtExpense": "205573000",
            "netIncomeFromContinuingOperations": "171410000",
            "comprehensiveIncomeNetOfTax": "152349000",
            "ebit": "367497000",
            "ebitda": "667969000",
            "netIncome": "142878000"
        },
        {
            "fiscalDateEnding": "2018-06-30",
            "reportedCurrency": "USD",
            "grossProfit": "1923464000",
            "totalRevenue": "2677202000",
            "costOfRevenue": "753738000",
            "costofGoodsAndServicesSold": "1669414000",
            "operatingIncome": "363075000",
            "sellingGeneralAndAdministrative": "438453000",
            "researchAndDevelopment": "None",
            "operatingExpenses": "753738000",
            "investmentIncomeNet": "None",
            "netInterestIncome": "-181493000",
            "interestIncome": "None",
            "interestExpense": "181493000",
            "nonInterestIncome": "2858695000",
            "otherNonOperatingIncome": "-6381000",
            "depreciation": "None",
            "depreciationAndAmortization": "296208000",
            "incomeBeforeTax": "147487000",
            "incomeTaxExpense": "23710000",
            "interestAndDebtExpense": "181493000",
            "netIncomeFromContinuingOperations": "140423000",
            "comprehensiveIncomeNetOfTax": "128020000",
            "ebit": "328980000",
            "ebitda": "625188000",
            "netIncome": "123777000"
        },
        {
            "fiscalDateEnding": "2018-03-31",
            "reportedCurrency": "USD",
            "grossProfit": "491304000",
            "totalRevenue": "2653309000",
            "costOfRevenue": "2162005000",
            "costofGoodsAndServicesSold": "1408376000",
            "operatingIncome": "359757000",
            "sellingGeneralAndAdministrative": "417890000",
            "researchAndDevelopment": "None",
            "operatingExpenses": "762770000",
            "investmentIncomeNet": "None",
            "netInterestIncome": "-167909000",
            "interestIncome": "None",
            "interestExpense": "167909000",
            "nonInterestIncome": "-1019000",
            "otherNonOperatingIncome": "-1916000",
            "depreciation": "None",
            "depreciationAndAmortization": "268822000",
            "incomeBeforeTax": "151444000",
            "incomeTaxExpense": "-72000000",
            "interestAndDebtExpense": "168928000",
            "netIncomeFromContinuingOperations": "266301000",
            "comprehensiveIncomeNetOfTax": "219574000",
            "ebit": "319353000",
            "ebitda": "588175000",
            "netIncome": "223444000"
        }
    ]
}