{
    "symbol": "ADM",
    "annualReports": [
        {
            "fiscalDateEnding": "2022-12-31",
            "reportedCurrency": "USD",
            "grossProfit": "7570000000",
            "totalRevenue": "101556000000",
            "costOfRevenue": "93986000000",
            "costofGoodsAndServicesSold": "94278000000",
            "operatingIncome": "3685000000",
            "sellingGeneralAndAdministrative": "3358000000",
            "researchAndDevelopment": "216000000",
            "operatingExpenses": "3885000000",
            "investmentIncomeNet": "293000000",
            "netInterestIncome": "-396000000",
            "interestIncome": "720000000",
            "interestExpense": "396000000",
            "nonInterestIncome": "513000000",
            "otherNonOperatingIncome": "358000000",
            "depreciation": "794000000",
            "depreciationAndAmortization": "235000000",
            "incomeBeforeTax": "5208000000",
            "incomeTaxExpense": "868000000",
            "interestAndDebtExpense": "396000000",
            "netIncomeFromContinuingOperations": "4365000000",
            "comprehensiveIncomeNetOfTax": "4003000000",
            "ebit": "5604000000",
            "ebitda": "5839000000",
            "netIncome": "4340000000"
        },
        {
            "fiscalDateEnding": "2021-12-31",
            "reportedCurrency": "USD",
            "grossProfit": "5987000000",
            "totalRevenue": "85249000000",
            "costOfRevenue": "79262000000",
            "costofGoodsAndServicesSold": "79262000000",
            "operatingIncome": "2581000000",
            "sellingGeneralAndAdministrative": "2994000000",
            "researchAndDevelopment": "171000000",
            "operatingExpenses": "3406000000",
            "investmentIncomeNet": "96000000",
            "netInterestIncome": "-265000000",
            "interestIncome": "96000000",
            "interestExpense": "265000000",
            "nonInterestIncome": "-1571000000",
            "otherNonOperatingIncome": "94000000",
            "depreciation": "807000000",
            "depreciationAndAmortization": "177000000",
            "incomeBeforeTax": "3287000000",
            "incomeTaxExpense": "578000000",
            "interestAndDebtExpense": "301000000",
            "netIncomeFromContinuingOperations": "2735000000",
            "comprehensiveIncomeNetOfTax": "3141000000",
            "ebit": "3552000000",
            "ebitda": "3729000000",
            "netIncome": "2709000000"
        },
        {
            "fiscalDateEnding": "2020-12-31",
            "reportedCurrency": "USD",
            "grossProfit": "4453000000",
            "totalRevenue": "64355000000",
            "costOfRevenue": "59902000000",
            "costofGoodsAndServicesSold": "59902000000",
            "operatingIncome": "1353000000",
            "sellingGeneralAndAdministrative": "2687000000",
            "researchAndDevelopment": "160000000",
            "operatingExpenses": "3100000000",
            "investmentIncomeNet": "88000000",
            "netInterestIncome": "-339000000",
            "interestIncome": "88000000",
            "interestExpense": "339000000",
            "nonInterestIncome": "-1115000000",
            "otherNonOperatingIncome": "255000000",
            "depreciation": "800000000",
            "depreciationAndAmortization": "173000000",
            "incomeBeforeTax": "1873000000",
            "incomeTaxExpense": "101000000",
            "interestAndDebtExpense": "748000000",
            "netIncomeFromContinuingOperations": "1782000000",
            "comprehensiveIncomeNetOfTax": "1573000000",
            "ebit": "2212000000",
            "ebitda": "2385000000",
            "netIncome": "1772000000"
        },
        {
            "fiscalDateEnding": "2019-12-31",
            "reportedCurrency": "USD",
            "grossProfit": "4147000000",
            "totalRevenue": "64656000000",
            "costOfRevenue": "60509000000",
            "costofGoodsAndServicesSold": "60509000000",
            "operatingIncome": "1032000000",
            "sellingGeneralAndAdministrative": "2493000000",
            "researchAndDevelopment": "154000000",
            "operatingExpenses": "3115000000",
            "investmentIncomeNet": "192000000",
            "netInterestIncome": "-402000000",
            "interestIncome": "192000000",
            "interestExpense": "402000000",
            "nonInterestIncome": "44000000",
            "otherNonOperatingIncome": "-11000000",
            "depreciation": "823000000",
            "depreciationAndAmortization": "165000000",
            "incomeBeforeTax": "1588000000",
            "incomeTaxExpense": "209000000",
            "interestAndDebtExpense": "402000000",
            "netIncomeFromContinuingOperations": "1379000000",
            "comprehensiveIncomeNetOfTax": "1080000000",
            "ebit": "1990000000",
            "ebitda": "2155000000",
            "netIncome": "1379000000"
        },
        {
            "fiscalDateEnding": "2018-12-31",
            "reportedCurrency": "USD",
            "grossProfit": "4181000000",
            "totalRevenue": "64341000000",
            "costOfRevenue": "60160000000",
            "costofGoodsAndServicesSold": "60160000000",
            "operatingIncome": "1575000000",
            "sellingGeneralAndAdministrative": "2165000000",
            "researchAndDevelopment": "141000000",
            "operatingExpenses": "2606000000",
            "investmentIncomeNet": "162000000",
            "netInterestIncome": "-364000000",
            "interestIncome": "162000000",
            "interestExpense": "364000000",
            "nonInterestIncome": "-53000000",
            "otherNonOperatingIncome": "-101000000",
            "depreciation": "812000000",
            "depreciationAndAmortization": "129000000",
            "incomeBeforeTax": "2055000000",
            "incomeTaxExpense": "245000000",
            "interestAndDebtExpense": "364000000",
            "netIncomeFromContinuingOperations": "1815000000",
            "comprehensiveIncomeNetOfTax": "1341000000",
            "ebit": "2419000000",
            "ebitda": "2548000000",
            "netIncome": "1810000000"
        }
    ],
    "quarterlyReports": [
        {
            "fiscalDateEnding": "2022-12-31",
            "reportedCurrency": "USD",
            "grossProfit": "1762000000",
            "totalRevenue": "25939000000",
            "costOfRevenue": "24177000000",
            "costofGoodsAndServicesSold": "24469000000",
            "operatingIncome": "291000000",
            "sellingGeneralAndAdministrative": "897000000",
            "researchAndDevelopment": "None",
            "operatingExpenses": "1471000000",
            "investmentIncomeNet": "None",
            "netInterestIncome": "-134000000",
            "interestIncome": "212000000",
            "interestExpense": "134000000",
            "nonInterestIncome": "-75949000000",
            "otherNonOperatingIncome": "175000000",
            "depreciation": "None",
            "depreciationAndAmortization": "254000000",
            "incomeBeforeTax": "1208000000",
            "incomeTaxExpense": "189000000",
            "interestAndDebtExpense": "134000000",
            "netIncomeFromContinuingOperations": "1024000000",
            "comprehensiveIncomeNetOfTax": "722000000",
            "ebit": "1342000000",
            "ebitda": "1596000000",
            "netIncome": "1019000000"
        },
        {
            "fiscalDateEnding": "2022-09-30",
            "reportedCurrency": "USD",
            "grossProfit": "1811000000",
            "totalRevenue": "24683000000",
            "costOfRevenue": "22872000000",
            "costofGoodsAndServicesSold": "22872000000",
            "operatingIncome": "965000000",
            "sellingGeneralAndAdministrative": "818000000",
            "researchAndDevelopment": "None",
            "operatingExpenses": "846000000",
            "investmentIncomeNet": "None",
            "netInterestIncome": "-97000000",
            "interestIncome": "206000000",
            "interestExpense": "97000000",
            "nonInterestIncome": "24977000000",
            "otherNonOperatingIncome": "67000000",
            "depreciation": "None",
            "depreciationAndAmortization": "260000000",
            "incomeBeforeTax": "1224000000",
            "incomeTaxExpense": "193000000",
            "interestAndDebtExpense": "97000000",
            "netIncomeFromContinuingOperations": "1037000000",
            "comprehensiveIncomeNetOfTax": "784000000",
            "ebit": "1321000000",
            "ebitda": "1581000000",
            "netIncome": "1031000000"
        },
        {
            "fiscalDateEnding": "2022-06-30",
            "reportedCurrency": "USD",
            "grossProfit": "2100000000",
            "totalRevenue": "27284000000",
            "costOfRevenue": "25184000000",
            "costofGoodsAndServicesSold": "25184000000",
            "operatingIncome": "1285000000",
            "sellingGeneralAndAdministrative": "814000000",
            "researchAndDevelopment": "None",
            "operatingExpenses": "815000000",
            "investmentIncomeNet": "None",
            "netInterestIncome": "-73000000",
            "interestIncome": "151000000",
            "interestExpense": "73000000",
            "nonInterestIncome": "28523000000",
            "otherNonOperatingIncome": "83000000",
            "depreciation": "None",
            "depreciationAndAmortization": "257000000",
            "incomeBeforeTax": "1515000000",
            "incomeTaxExpense": "279000000",
            "interestAndDebtExpense": "73000000",
            "netIncomeFromContinuingOperations": "1240000000",
            "comprehensiveIncomeNetOfTax": "1060000000",
            "ebit": "1588000000",
            "ebitda": "1845000000",
            "netIncome": "1236000000"
        },
        {
            "fiscalDateEnding": "2022-03-31",
            "reportedCurrency": "USD",
            "grossProfit": "1897000000",
            "totalRevenue": "23650000000",
            "costOfRevenue": "21753000000",
            "costofGoodsAndServicesSold": "21753000000",
            "operatingIncome": "1101000000",
            "sellingGeneralAndAdministrative": "829000000",
            "researchAndDevelopment": "None",
            "operatingExpenses": "796000000",
            "investmentIncomeNet": "None",
            "netInterestIncome": "-92000000",
            "interestIncome": "171000000",
            "interestExpense": "92000000",
            "nonInterestIncome": "22962000000",
            "otherNonOperatingIncome": "33000000",
            "depreciation": "None",
            "depreciationAndAmortization": "257000000",
            "incomeBeforeTax": "1261000000",
            "incomeTaxExpense": "207000000",
            "interestAndDebtExpense": "92000000",
            "netIncomeFromContinuingOperations": "1064000000",
            "comprehensiveIncomeNetOfTax": "1437000000",
            "ebit": "1353000000",
            "ebitda": "1610000000",
            "netIncome": "1054000000"
        },
        {
            "fiscalDateEnding": "2021-12-31",
            "reportedCurrency": "USD",
            "grossProfit": "1650000000",
            "totalRevenue": "23090000000",
            "costOfRevenue": "21440000000",
            "costofGoodsAndServicesSold": "21440000000",
            "operatingIncome": "441000000",
            "sellingGeneralAndAdministrative": "786000000",
            "researchAndDevelopment": "None",
            "operatingExpenses": "1209000000",
            "investmentIncomeNet": "None",
            "netInterestIncome": "-77000000",
            "interestIncome": "13000000",
            "interestExpense": "77000000",
            "nonInterestIncome": "-62467000000",
            "otherNonOperatingIncome": "130000000",
            "depreciation": "None",
            "depreciationAndAmortization": "257000000",
            "incomeBeforeTax": "996000000",
            "incomeTaxExpense": "214000000",
            "interestAndDebtExpense": "77000000",
            "netIncomeFromContinuingOperations": "797000000",
            "comprehensiveIncomeNetOfTax": "686000000",
            "ebit": "1073000000",
            "ebitda": "1330000000",
            "netIncome": "782000000"
        },
        {
            "fiscalDateEnding": "2021-09-30",
            "reportedCurrency": "USD",
            "grossProfit": "1326000000",
            "totalRevenue": "20340000000",
            "costOfRevenue": "19014000000",
            "costofGoodsAndServicesSold": "19014000000",
            "operatingIncome": "604000000",
            "sellingGeneralAndAdministrative": "720000000",
            "researchAndDevelopment": "None",
            "operatingExpenses": "722000000",
            "investmentIncomeNet": "None",
            "netInterestIncome": "-61000000",
            "interestIncome": "69000000",
            "interestExpense": "61000000",
            "nonInterestIncome": "20508000000",
            "otherNonOperatingIncome": "-20000000",
            "depreciation": "None",
            "depreciationAndAmortization": "247000000",
            "incomeBeforeTax": "646000000",
            "incomeTaxExpense": "120000000",
            "interestAndDebtExpense": "97000000",
            "netIncomeFromContinuingOperations": "533000000",
            "comprehensiveIncomeNetOfTax": "571000000",
            "ebit": "707000000",
            "ebitda": "954000000",
            "netIncome": "526000000"
        },
        {
            "fiscalDateEnding": "2021-06-30",
            "reportedCurrency": "USD",
            "grossProfit": "1463000000",
            "totalRevenue": "22926000000",
            "costOfRevenue": "21463000000",
            "costofGoodsAndServicesSold": "21463000000",
            "operatingIncome": "701000000",
            "sellingGeneralAndAdministrative": "739000000",
            "researchAndDevelopment": "None",
            "operatingExpenses": "762000000",
            "investmentIncomeNet": "None",
            "netInterestIncome": "-40000000",
            "interestIncome": "173000000",
            "interestExpense": "40000000",
            "nonInterestIncome": "22409000000",
            "otherNonOperatingIncome": "-49000000",
            "depreciation": "None",
            "depreciationAndAmortization": "243000000",
            "incomeBeforeTax": "825000000",
            "incomeTaxExpense": "113000000",
            "interestAndDebtExpense": "40000000",
            "netIncomeFromContinuingOperations": "712000000",
            "comprehensiveIncomeNetOfTax": "869000000",
            "ebit": "865000000",
            "ebitda": "1108000000",
            "netIncome": "712000000"
        },
        {
            "fiscalDateEnding": "2021-03-31",
            "reportedCurrency": "USD",
            "grossProfit": "1548000000",
            "totalRevenue": "18893000000",
            "costOfRevenue": "17345000000",
            "costofGoodsAndServicesSold": "17345000000",
            "operatingIncome": "751000000",
            "sellingGeneralAndAdministrative": "749000000",
            "researchAndDevelopment": "None",
            "operatingExpenses": "797000000",
            "investmentIncomeNet": "None",
            "netInterestIncome": "-87000000",
            "interestIncome": "13000000",
            "interestExpense": "87000000",
            "nonInterestIncome": "17979000000",
            "otherNonOperatingIncome": "33000000",
            "depreciation": "None",
            "depreciationAndAmortization": "249000000",
            "incomeBeforeTax": "820000000",
            "incomeTaxExpense": "131000000",
            "interestAndDebtExpense": "87000000",
            "netIncomeFromContinuingOperations": "693000000",
            "comprehensiveIncomeNetOfTax": "1015000000",
            "ebit": "907000000",
            "ebitda": "1156000000",
            "netIncome": "689000000"
        },
        {
            "fiscalDateEnding": "2020-12-31",
            "reportedCurrency": "USD",
            "grossProfit": "1352000000",
            "totalRevenue": "17978000000",
            "costOfRevenue": "16626000000",
            "costofGoodsAndServicesSold": "16626000000",
            "operatingIncome": "1352000000",
            "sellingGeneralAndAdministrative": "749000000",
            "researchAndDevelopment": "None",
            "operatingExpenses": "1233000000",
            "investmentIncomeNet": "None",
            "netInterestIncome": "-69000000",
            "interestIncome": "17000000",
            "interestExpense": "69000000",
            "nonInterestIncome": "-46746000000",
            "otherNonOperatingIncome": "457000000",
            "depreciation": "None",
            "depreciationAndAmortization": "249000000",
            "incomeBeforeTax": "750000000",
            "incomeTaxExpense": "63000000",
            "interestAndDebtExpense": "68000000",
            "netIncomeFromContinuingOperations": "1352000000",
            "comprehensiveIncomeNetOfTax": "832000000",
            "ebit": "819000000",
            "ebitda": "1068000000",
            "netIncome": "687000000"
        },
        {
            "fiscalDateEnding": "2020-09-30",
            "reportedCurrency": "USD",
            "grossProfit": "1042000000",
            "totalRevenue": "15126000000",
            "costOfRevenue": "14084000000",
            "costofGoodsAndServicesSold": "14084000000",
            "operatingIncome": "402000000",
            "sellingGeneralAndAdministrative": "636000000",
            "researchAndDevelopment": "None",
            "operatingExpenses": "640000000",
            "investmentIncomeNet": "None",
            "netInterestIncome": "-100000000",
            "interestIncome": "76000000",
            "interestExpense": "100000000",
            "nonInterestIncome": "14289000000",
            "otherNonOperatingIncome": "-282000000",
            "depreciation": "None",
            "depreciationAndAmortization": "238000000",
            "incomeBeforeTax": "199000000",
            "incomeTaxExpense": "-26000000",
            "interestAndDebtExpense": "496000000",
            "netIncomeFromContinuingOperations": "226000000",
            "comprehensiveIncomeNetOfTax": "181000000",
            "ebit": "299000000",
            "ebitda": "537000000",
            "netIncome": "225000000"
        },
        {
            "fiscalDateEnding": "2020-06-30",
            "reportedCurrency": "USD",
            "grossProfit": "1108000000",
            "totalRevenue": "16281000000",
            "costOfRevenue": "15173000000",
            "costofGoodsAndServicesSold": "15173000000",
            "operatingIncome": "454000000",
            "sellingGeneralAndAdministrative": "638000000",
            "researchAndDevelopment": "None",
            "operatingExpenses": "654000000",
            "investmentIncomeNet": "None",
            "netInterestIncome": "-87000000",
            "interestIncome": "15000000",
            "interestExpense": "87000000",
            "nonInterestIncome": "16281000000",
            "otherNonOperatingIncome": "56000000",
            "depreciation": "None",
            "depreciationAndAmortization": "244000000",
            "incomeBeforeTax": "549000000",
            "incomeTaxExpense": "80000000",
            "interestAndDebtExpense": "87000000",
            "netIncomeFromContinuingOperations": "472000000",
            "comprehensiveIncomeNetOfTax": "528000000",
            "ebit": "636000000",
            "ebitda": "880000000",
            "netIncome": "469000000"
        },
        {
            "fiscalDateEnding": "2020-03-31",
            "reportedCurrency": "USD",
            "grossProfit": "951000000",
            "totalRevenue": "14970000000",
            "costOfRevenue": "14019000000",
            "costofGoodsAndServicesSold": "14019000000",
            "operatingIncome": "246000000",
            "sellingGeneralAndAdministrative": "664000000",
            "researchAndDevelopment": "None",
            "operatingExpenses": "705000000",
            "investmentIncomeNet": "None",
            "netInterestIncome": "-83000000",
            "interestIncome": "40000000",
            "interestExpense": "83000000",
            "nonInterestIncome": "14970000000",
            "otherNonOperatingIncome": "32000000",
            "depreciation": "None",
            "depreciationAndAmortization": "245000000",
            "incomeBeforeTax": "375000000",
            "incomeTaxExpense": "-16000000",
            "interestAndDebtExpense": "83000000",
            "netIncomeFromContinuingOperations": "391000000",
            "comprehensiveIncomeNetOfTax": "32000000",
            "ebit": "458000000",
            "ebitda": "703000000",
            "netIncome": "391000000"
        },
        {
            "fiscalDateEnding": "2019-12-31",
            "reportedCurrency": "USD",
            "grossProfit": "1169000000",
            "totalRevenue": "16329000000",
            "costOfRevenue": "15160000000",
            "costofGoodsAndServicesSold": "15160000000",
            "operatingIncome": "1169000000",
            "sellingGeneralAndAdministrative": "654000000",
            "researchAndDevelopment": "None",
            "operatingExpenses": "1113000000",
            "investmentIncomeNet": "50000000",
            "netInterestIncome": "-95000000",
            "interestIncome": "50000000",
            "interestExpense": "95000000",
            "nonInterestIncome": "-48388000000",
            "otherNonOperatingIncome": "-50000000",
            "depreciation": "None",
            "depreciationAndAmortization": "251000000",
            "incomeBeforeTax": "501000000",
            "incomeTaxExpense": "-3000000",
            "interestAndDebtExpense": "95000000",
            "netIncomeFromContinuingOperations": "1169000000",
            "comprehensiveIncomeNetOfTax": "494000000",
            "ebit": "596000000",
            "ebitda": "847000000",
            "netIncome": "504000000"
        },
        {
            "fiscalDateEnding": "2019-09-30",
            "reportedCurrency": "USD",
            "grossProfit": "1078000000",
            "totalRevenue": "16726000000",
            "costOfRevenue": "15648000000",
            "costofGoodsAndServicesSold": "15648000000",
            "operatingIncome": "447000000",
            "sellingGeneralAndAdministrative": "578000000",
            "researchAndDevelopment": "None",
            "operatingExpenses": "631000000",
            "investmentIncomeNet": "47000000",
            "netInterestIncome": "-97000000",
            "interestIncome": "47000000",
            "interestExpense": "97000000",
            "nonInterestIncome": "16809000000",
            "otherNonOperatingIncome": "18000000",
            "depreciation": "None",
            "depreciationAndAmortization": "249000000",
            "incomeBeforeTax": "502000000",
            "incomeTaxExpense": "95000000",
            "interestAndDebtExpense": "97000000",
            "netIncomeFromContinuingOperations": "408000000",
            "comprehensiveIncomeNetOfTax": "142000000",
            "ebit": "599000000",
            "ebitda": "848000000",
            "netIncome": "407000000"
        },
        {
            "fiscalDateEnding": "2019-06-30",
            "reportedCurrency": "USD",
            "grossProfit": "972000000",
            "totalRevenue": "16297000000",
            "costOfRevenue": "15325000000",
            "costofGoodsAndServicesSold": "15325000000",
            "operatingIncome": "234000000",
            "sellingGeneralAndAdministrative": "602000000",
            "researchAndDevelopment": "None",
            "operatingExpenses": "738000000",
            "investmentIncomeNet": "46000000",
            "netInterestIncome": "-109000000",
            "interestIncome": "46000000",
            "interestExpense": "109000000",
            "nonInterestIncome": "16221000000",
            "otherNonOperatingIncome": "13000000",
            "depreciation": "None",
            "depreciationAndAmortization": "248000000",
            "incomeBeforeTax": "271000000",
            "incomeTaxExpense": "36000000",
            "interestAndDebtExpense": "109000000",
            "netIncomeFromContinuingOperations": "238000000",
            "comprehensiveIncomeNetOfTax": "347000000",
            "ebit": "380000000",
            "ebitda": "628000000",
            "netIncome": "235000000"
        },
        {
            "fiscalDateEnding": "2019-03-31",
            "reportedCurrency": "USD",
            "grossProfit": "928000000",
            "totalRevenue": "15304000000",
            "costOfRevenue": "14376000000",
            "costofGoodsAndServicesSold": "14376000000",
            "operatingIncome": "273000000",
            "sellingGeneralAndAdministrative": "659000000",
            "researchAndDevelopment": "None",
            "operatingExpenses": "655000000",
            "investmentIncomeNet": "49000000",
            "netInterestIncome": "-101000000",
            "interestIncome": "19000000",
            "interestExpense": "101000000",
            "nonInterestIncome": "15402000000",
            "otherNonOperatingIncome": "8000000",
            "depreciation": "None",
            "depreciationAndAmortization": "245000000",
            "incomeBeforeTax": "314000000",
            "incomeTaxExpense": "81000000",
            "interestAndDebtExpense": "101000000",
            "netIncomeFromContinuingOperations": "234000000",
            "comprehensiveIncomeNetOfTax": "97000000",
            "ebit": "415000000",
            "ebitda": "660000000",
            "netIncome": "233000000"
        },
        {
            "fiscalDateEnding": "2018-12-31",
            "reportedCurrency": "USD",
            "grossProfit": "1053000000",
            "totalRevenue": "15947000000",
            "costOfRevenue": "14894000000",
            "costofGoodsAndServicesSold": "14894000000",
            "operatingIncome": "1053000000",
            "sellingGeneralAndAdministrative": "558000000",
            "researchAndDevelopment": "141000000",
            "operatingExpenses": "1003000000",
            "investmentIncomeNet": "47000000",
            "netInterestIncome": "-97000000",
            "interestIncome": "None",
            "interestExpense": "97000000",
            "nonInterestIncome": "-48351000000",
            "otherNonOperatingIncome": "-98000000",
            "depreciation": "None",
            "depreciationAndAmortization": "235000000",
            "incomeBeforeTax": "310000000",
            "incomeTaxExpense": "-5000000",
            "interestAndDebtExpense": "97000000",
            "netIncomeFromContinuingOperations": "1053000000",
            "comprehensiveIncomeNetOfTax": "241000000",
            "ebit": "407000000",
            "ebitda": "642000000",
            "netIncome": "315000000"
        },
        {
            "fiscalDateEnding": "2018-09-30",
            "reportedCurrency": "USD",
            "grossProfit": "1058000000",
            "totalRevenue": "15800000000",
            "costOfRevenue": "14742000000",
            "costofGoodsAndServicesSold": "14742000000",
            "operatingIncome": "523000000",
            "sellingGeneralAndAdministrative": "534000000",
            "researchAndDevelopment": "None",
            "operatingExpenses": "535000000",
            "investmentIncomeNet": "40000000",
            "netInterestIncome": "-87000000",
            "interestIncome": "None",
            "interestExpense": "87000000",
            "nonInterestIncome": "15862000000",
            "otherNonOperatingIncome": "-8000000",
            "depreciation": "None",
            "depreciationAndAmortization": "232000000",
            "incomeBeforeTax": "632000000",
            "incomeTaxExpense": "96000000",
            "interestAndDebtExpense": "87000000",
            "netIncomeFromContinuingOperations": "536000000",
            "comprehensiveIncomeNetOfTax": "415000000",
            "ebit": "719000000",
            "ebitda": "951000000",
            "netIncome": "536000000"
        },
        {
            "fiscalDateEnding": "2018-06-30",
            "reportedCurrency": "USD",
            "grossProfit": "1181000000",
            "totalRevenue": "17068000000",
            "costOfRevenue": "15887000000",
            "costofGoodsAndServicesSold": "15887000000",
            "operatingIncome": "597000000",
            "sellingGeneralAndAdministrative": "560000000",
            "researchAndDevelopment": "None",
            "operatingExpenses": "584000000",
            "investmentIncomeNet": "42000000",
            "netInterestIncome": "-89000000",
            "interestIncome": "None",
            "interestExpense": "89000000",
            "nonInterestIncome": "17176000000",
            "otherNonOperatingIncome": "-4000000",
            "depreciation": "None",
            "depreciationAndAmortization": "239000000",
            "incomeBeforeTax": "652000000",
            "incomeTaxExpense": "86000000",
            "interestAndDebtExpense": "89000000",
            "netIncomeFromContinuingOperations": "566000000",
            "comprehensiveIncomeNetOfTax": "106000000",
            "ebit": "741000000",
            "ebitda": "980000000",
            "netIncome": "566000000"
        },
        {
            "fiscalDateEnding": "2018-03-31",
            "reportedCurrency": "USD",
            "grossProfit": "889000000",
            "totalRevenue": "15526000000",
            "costOfRevenue": "14637000000",
            "costofGoodsAndServicesSold": "14637000000",
            "operatingIncome": "366000000",
            "sellingGeneralAndAdministrative": "513000000",
            "researchAndDevelopment": "None",
            "operatingExpenses": "523000000",
            "investmentIncomeNet": "33000000",
            "netInterestIncome": "-91000000",
            "interestIncome": "None",
            "interestExpense": "91000000",
            "nonInterestIncome": "15259000000",
            "otherNonOperatingIncome": "9000000",
            "depreciation": "None",
            "depreciationAndAmortization": "235000000",
            "incomeBeforeTax": "461000000",
            "incomeTaxExpense": "68000000",
            "interestAndDebtExpense": "91000000",
            "netIncomeFromContinuingOperations": "396000000",
            "comprehensiveIncomeNetOfTax": "579000000",
            "ebit": "552000000",
            "ebitda": "787000000",
            "netIncome": "393000000"
        }
    ]
}