{
    "symbol": "CF",
    "annualReports": [
        {
            "fiscalDateEnding": "2022-12-31",
            "reportedCurrency": "USD",
            "grossProfit": "5861000000",
            "totalRevenue": "11186000000",
            "costOfRevenue": "5325000000",
            "costofGoodsAndServicesSold": "838000000",
            "operatingIncome": "5397000000",
            "sellingGeneralAndAdministrative": "290000000",
            "researchAndDevelopment": "None",
            "operatingExpenses": "850000000",
            "investmentIncomeNet": "None",
            "netInterestIncome": "-344000000",
            "interestIncome": "65000000",
            "interestExpense": "344000000",
            "nonInterestIncome": "-32000000",
            "otherNonOperatingIncome": "-15000000",
            "depreciation": "None",
            "depreciationAndAmortization": "3000000",
            "incomeBeforeTax": "4504000000",
            "incomeTaxExpense": "1158000000",
            "interestAndDebtExpense": "352000000",
            "netIncomeFromContinuingOperations": "3937000000",
            "comprehensiveIncomeNetOfTax": "3373000000",
            "ebit": "5397000000",
            "ebitda": "4851000000",
            "netIncome": "3346000000"
        },
        {
            "fiscalDateEnding": "2021-12-31",
            "reportedCurrency": "USD",
            "grossProfit": "2387000000",
            "totalRevenue": "6538000000",
            "costOfRevenue": "4151000000",
            "costofGoodsAndServicesSold": "871000000",
            "operatingIncome": "1729000000",
            "sellingGeneralAndAdministrative": "223000000",
            "researchAndDevelopment": "None",
            "operatingExpenses": "931000000",
            "investmentIncomeNet": "None",
            "netInterestIncome": "-184000000",
            "interestIncome": "183000000",
            "interestExpense": "184000000",
            "nonInterestIncome": "1000000",
            "otherNonOperatingIncome": "16000000",
            "depreciation": "None",
            "depreciationAndAmortization": "8000000",
            "incomeBeforeTax": "1200000000",
            "incomeTaxExpense": "283000000",
            "interestAndDebtExpense": "203000000",
            "netIncomeFromContinuingOperations": "1260000000",
            "comprehensiveIncomeNetOfTax": "980000000",
            "ebit": "1729000000",
            "ebitda": "1392000000",
            "netIncome": "917000000"
        },
        {
            "fiscalDateEnding": "2020-12-31",
            "reportedCurrency": "USD",
            "grossProfit": "801000000",
            "totalRevenue": "4124000000",
            "costOfRevenue": "3323000000",
            "costofGoodsAndServicesSold": "876000000",
            "operatingIncome": "623000000",
            "sellingGeneralAndAdministrative": "206000000",
            "researchAndDevelopment": "None",
            "operatingExpenses": "410000000",
            "investmentIncomeNet": "None",
            "netInterestIncome": "-179000000",
            "interestIncome": "161000000",
            "interestExpense": "179000000",
            "nonInterestIncome": "-20000000",
            "otherNonOperatingIncome": "1000000",
            "depreciation": "None",
            "depreciationAndAmortization": "8000000",
            "incomeBeforeTax": "348000000",
            "incomeTaxExpense": "31000000",
            "interestAndDebtExpense": "179000000",
            "netIncomeFromContinuingOperations": "432000000",
            "comprehensiveIncomeNetOfTax": "363000000",
            "ebit": "623000000",
            "ebitda": "535000000",
            "netIncome": "317000000"
        },
        {
            "fiscalDateEnding": "2019-12-31",
            "reportedCurrency": "USD",
            "grossProfit": "1174000000",
            "totalRevenue": "4590000000",
            "costOfRevenue": "3416000000",
            "costofGoodsAndServicesSold": "855000000",
            "operatingIncome": "1003000000",
            "sellingGeneralAndAdministrative": "239000000",
            "researchAndDevelopment": "None",
            "operatingExpenses": "365000000",
            "investmentIncomeNet": "None",
            "netInterestIncome": "-237000000",
            "interestIncome": "20000000",
            "interestExpense": "237000000",
            "nonInterestIncome": "24000000",
            "otherNonOperatingIncome": "7000000",
            "depreciation": "None",
            "depreciationAndAmortization": "8000000",
            "incomeBeforeTax": "619000000",
            "incomeTaxExpense": "126000000",
            "interestAndDebtExpense": "258000000",
            "netIncomeFromContinuingOperations": "646000000",
            "comprehensiveIncomeNetOfTax": "498000000",
            "ebit": "1003000000",
            "ebitda": "864000000",
            "netIncome": "493000000"
        },
        {
            "fiscalDateEnding": "2018-12-31",
            "reportedCurrency": "USD",
            "grossProfit": "917000000",
            "totalRevenue": "4429000000",
            "costOfRevenue": "3512000000",
            "costofGoodsAndServicesSold": "865000000",
            "operatingIncome": "766000000",
            "sellingGeneralAndAdministrative": "214000000",
            "researchAndDevelopment": "None",
            "operatingExpenses": "407000000",
            "investmentIncomeNet": "None",
            "netInterestIncome": "-241000000",
            "interestIncome": "13000000",
            "interestExpense": "241000000",
            "nonInterestIncome": "-3000000",
            "otherNonOperatingIncome": "9000000",
            "depreciation": "None",
            "depreciationAndAmortization": "7000000",
            "incomeBeforeTax": "409000000",
            "incomeTaxExpense": "119000000",
            "interestAndDebtExpense": "241000000",
            "netIncomeFromContinuingOperations": "428000000",
            "comprehensiveIncomeNetOfTax": "193000000",
            "ebit": "766000000",
            "ebitda": "657000000",
            "netIncome": "290000000"
        }
    ],
    "quarterlyReports": [
        {
            "fiscalDateEnding": "2022-12-31",
            "reportedCurrency": "USD",
            "grossProfit": "1256000000",
            "totalRevenue": "2608000000",
            "costOfRevenue": "1352000000",
            "costofGoodsAndServicesSold": "195000000",
            "operatingIncome": "1211000000",
            "sellingGeneralAndAdministrative": "87000000",
            "researchAndDevelopment": "None",
            "operatingExpenses": "4000000",
            "investmentIncomeNet": "None",
            "netInterestIncome": "25000000",
            "interestIncome": "34000000",
            "interestExpense": "-25000000",
            "nonInterestIncome": "-23000000",
            "otherNonOperatingIncome": "9000000",
            "depreciation": "None",
            "depreciationAndAmortization": "0",
            "incomeBeforeTax": "237000000",
            "incomeTaxExpense": "245000000",
            "interestAndDebtExpense": "-25000000",
            "netIncomeFromContinuingOperations": "-8000000",
            "comprehensiveIncomeNetOfTax": "900000000",
            "ebit": "1211000000",
            "ebitda": "212000000",
            "netIncome": "-8000000"
        },
        {
            "fiscalDateEnding": "2022-09-30",
            "reportedCurrency": "USD",
            "grossProfit": "916000000",
            "totalRevenue": "2321000000",
            "costOfRevenue": "1405000000",
            "costofGoodsAndServicesSold": "219000000",
            "operatingIncome": "750000000",
            "sellingGeneralAndAdministrative": "66000000",
            "researchAndDevelopment": "None",
            "operatingExpenses": "252000000",
            "investmentIncomeNet": "None",
            "netInterestIncome": "-46000000",
            "interestIncome": "34000000",
            "interestExpense": "46000000",
            "nonInterestIncome": "0",
            "otherNonOperatingIncome": "-23000000",
            "depreciation": "None",
            "depreciationAndAmortization": "1000000",
            "incomeBeforeTax": "593000000",
            "incomeTaxExpense": "155000000",
            "interestAndDebtExpense": "46000000",
            "netIncomeFromContinuingOperations": "538000000",
            "comprehensiveIncomeNetOfTax": "453000000",
            "ebit": "750000000",
            "ebitda": "640000000",
            "netIncome": "438000000"
        },
        {
            "fiscalDateEnding": "2022-06-30",
            "reportedCurrency": "USD",
            "grossProfit": "1991000000",
            "totalRevenue": "3389000000",
            "costOfRevenue": "1398000000",
            "costofGoodsAndServicesSold": "219000000",
            "operatingIncome": "1778000000",
            "sellingGeneralAndAdministrative": "73000000",
            "researchAndDevelopment": "None",
            "operatingExpenses": "314000000",
            "investmentIncomeNet": "None",
            "netInterestIncome": "-82000000",
            "interestIncome": "8000000",
            "interestExpense": "82000000",
            "nonInterestIncome": "-8000000",
            "otherNonOperatingIncome": "0",
            "depreciation": "None",
            "depreciationAndAmortization": "1000000",
            "incomeBeforeTax": "1522000000",
            "incomeTaxExpense": "357000000",
            "interestAndDebtExpense": "90000000",
            "netIncomeFromContinuingOperations": "1339000000",
            "comprehensiveIncomeNetOfTax": "1146000000",
            "ebit": "1778000000",
            "ebitda": "1605000000",
            "netIncome": "1165000000"
        },
        {
            "fiscalDateEnding": "2022-03-31",
            "reportedCurrency": "USD",
            "grossProfit": "1698000000",
            "totalRevenue": "2868000000",
            "costOfRevenue": "1170000000",
            "costofGoodsAndServicesSold": "205000000",
            "operatingIncome": "1658000000",
            "sellingGeneralAndAdministrative": "64000000",
            "researchAndDevelopment": "None",
            "operatingExpenses": "130000000",
            "investmentIncomeNet": "None",
            "netInterestIncome": "-241000000",
            "interestIncome": "36000000",
            "interestExpense": "241000000",
            "nonInterestIncome": "0",
            "otherNonOperatingIncome": "1000000",
            "depreciation": "None",
            "depreciationAndAmortization": "1000000",
            "incomeBeforeTax": "1284000000",
            "incomeTaxExpense": "401000000",
            "interestAndDebtExpense": "241000000",
            "netIncomeFromContinuingOperations": "1051000000",
            "comprehensiveIncomeNetOfTax": "874000000",
            "ebit": "1658000000",
            "ebitda": "1526000000",
            "netIncome": "883000000"
        },
        {
            "fiscalDateEnding": "2021-12-31",
            "reportedCurrency": "USD",
            "grossProfit": "1155000000",
            "totalRevenue": "2540000000",
            "costOfRevenue": "1385000000",
            "costofGoodsAndServicesSold": "234000000",
            "operatingIncome": "1129000000",
            "sellingGeneralAndAdministrative": "56000000",
            "researchAndDevelopment": "None",
            "operatingExpenses": "26000000",
            "investmentIncomeNet": "None",
            "netInterestIncome": "-44000000",
            "interestIncome": "43000000",
            "interestExpense": "44000000",
            "nonInterestIncome": "23000000",
            "otherNonOperatingIncome": "-1000000",
            "depreciation": "None",
            "depreciationAndAmortization": "2000000",
            "incomeBeforeTax": "174000000",
            "incomeTaxExpense": "226000000",
            "interestAndDebtExpense": "44000000",
            "netIncomeFromContinuingOperations": "-52000000",
            "comprehensiveIncomeNetOfTax": "764000000",
            "ebit": "1129000000",
            "ebitda": "220000000",
            "netIncome": "-52000000"
        },
        {
            "fiscalDateEnding": "2021-09-30",
            "reportedCurrency": "USD",
            "grossProfit": "440000000",
            "totalRevenue": "1362000000",
            "costOfRevenue": "922000000",
            "costofGoodsAndServicesSold": "198000000",
            "operatingIncome": "-97000000",
            "sellingGeneralAndAdministrative": "52000000",
            "researchAndDevelopment": "None",
            "operatingExpenses": "604000000",
            "investmentIncomeNet": "None",
            "netInterestIncome": "-46000000",
            "interestIncome": "46000000",
            "interestExpense": "46000000",
            "nonInterestIncome": "-13000000",
            "otherNonOperatingIncome": "19000000",
            "depreciation": "None",
            "depreciationAndAmortization": "2000000",
            "incomeBeforeTax": "-231000000",
            "incomeTaxExpense": "-46000000",
            "interestAndDebtExpense": "59000000",
            "netIncomeFromContinuingOperations": "-91000000",
            "comprehensiveIncomeNetOfTax": "-205000000",
            "ebit": "-97000000",
            "ebitda": "-183000000",
            "netIncome": "-185000000"
        },
        {
            "fiscalDateEnding": "2021-06-30",
            "reportedCurrency": "USD",
            "grossProfit": "503000000",
            "totalRevenue": "1588000000",
            "costOfRevenue": "1085000000",
            "costofGoodsAndServicesSold": "239000000",
            "operatingIncome": "450000000",
            "sellingGeneralAndAdministrative": "60000000",
            "researchAndDevelopment": "None",
            "operatingExpenses": "124000000",
            "investmentIncomeNet": "None",
            "netInterestIncome": "-46000000",
            "interestIncome": "46000000",
            "interestExpense": "46000000",
            "nonInterestIncome": "0",
            "otherNonOperatingIncome": "-2000000",
            "depreciation": "None",
            "depreciationAndAmortization": "2000000",
            "incomeBeforeTax": "331000000",
            "incomeTaxExpense": "85000000",
            "interestAndDebtExpense": "46000000",
            "netIncomeFromContinuingOperations": "317000000",
            "comprehensiveIncomeNetOfTax": "255000000",
            "ebit": "450000000",
            "ebitda": "379000000",
            "netIncome": "246000000"
        },
        {
            "fiscalDateEnding": "2021-03-31",
            "reportedCurrency": "USD",
            "grossProfit": "289000000",
            "totalRevenue": "1048000000",
            "costOfRevenue": "759000000",
            "costofGoodsAndServicesSold": "200000000",
            "operatingIncome": "247000000",
            "sellingGeneralAndAdministrative": "55000000",
            "researchAndDevelopment": "None",
            "operatingExpenses": "109000000",
            "investmentIncomeNet": "None",
            "netInterestIncome": "-48000000",
            "interestIncome": "48000000",
            "interestExpense": "48000000",
            "nonInterestIncome": "-7000000",
            "otherNonOperatingIncome": "0",
            "depreciation": "None",
            "depreciationAndAmortization": "2000000",
            "incomeBeforeTax": "169000000",
            "incomeTaxExpense": "18000000",
            "interestAndDebtExpense": "54000000",
            "netIncomeFromContinuingOperations": "175000000",
            "comprehensiveIncomeNetOfTax": "166000000",
            "ebit": "247000000",
            "ebitda": "219000000",
            "netIncome": "151000000"
        },
        {
            "fiscalDateEnding": "2020-12-31",
            "reportedCurrency": "USD",
            "grossProfit": "180000000",
            "totalRevenue": "1102000000",
            "costOfRevenue": "922000000",
            "costofGoodsAndServicesSold": "226000000",
            "operatingIncome": "156000000",
            "sellingGeneralAndAdministrative": "52000000",
            "researchAndDevelopment": "None",
            "operatingExpenses": "80000000",
            "investmentIncomeNet": "None",
            "netInterestIncome": "-38000000",
            "interestIncome": "38000000",
            "interestExpense": "38000000",
            "nonInterestIncome": "-6000000",
            "otherNonOperatingIncome": "-1000000",
            "depreciation": "None",
            "depreciationAndAmortization": "2000000",
            "incomeBeforeTax": "85000000",
            "incomeTaxExpense": "-2000000",
            "interestAndDebtExpense": "38000000",
            "netIncomeFromContinuingOperations": "119000000",
            "comprehensiveIncomeNetOfTax": "155000000",
            "ebit": "156000000",
            "ebitda": "125000000",
            "netIncome": "87000000"
        },
        {
            "fiscalDateEnding": "2020-09-30",
            "reportedCurrency": "USD",
            "grossProfit": "83000000",
            "totalRevenue": "847000000",
            "costOfRevenue": "764000000",
            "costofGoodsAndServicesSold": "207000000",
            "operatingIncome": "40000000",
            "sellingGeneralAndAdministrative": "49000000",
            "researchAndDevelopment": "None",
            "operatingExpenses": "94000000",
            "investmentIncomeNet": "None",
            "netInterestIncome": "-48000000",
            "interestIncome": "48000000",
            "interestExpense": "48000000",
            "nonInterestIncome": "0",
            "otherNonOperatingIncome": "-1000000",
            "depreciation": "None",
            "depreciationAndAmortization": "2000000",
            "incomeBeforeTax": "-41000000",
            "incomeTaxExpense": "-13000000",
            "interestAndDebtExpense": "48000000",
            "netIncomeFromContinuingOperations": "4000000",
            "comprehensiveIncomeNetOfTax": "10000000",
            "ebit": "40000000",
            "ebitda": "9000000",
            "netIncome": "-28000000"
        },
        {
            "fiscalDateEnding": "2020-06-30",
            "reportedCurrency": "USD",
            "grossProfit": "334000000",
            "totalRevenue": "1204000000",
            "costOfRevenue": "870000000",
            "costofGoodsAndServicesSold": "235000000",
            "operatingIncome": "280000000",
            "sellingGeneralAndAdministrative": "51000000",
            "researchAndDevelopment": "None",
            "operatingExpenses": "108000000",
            "investmentIncomeNet": "None",
            "netInterestIncome": "-49000000",
            "interestIncome": "17000000",
            "interestExpense": "49000000",
            "nonInterestIncome": "0",
            "otherNonOperatingIncome": "3000000",
            "depreciation": "None",
            "depreciationAndAmortization": "2000000",
            "incomeBeforeTax": "223000000",
            "incomeTaxExpense": "33000000",
            "interestAndDebtExpense": "49000000",
            "netIncomeFromContinuingOperations": "218000000",
            "comprehensiveIncomeNetOfTax": "204000000",
            "ebit": "280000000",
            "ebitda": "274000000",
            "netIncome": "190000000"
        },
        {
            "fiscalDateEnding": "2020-03-31",
            "reportedCurrency": "USD",
            "grossProfit": "204000000",
            "totalRevenue": "971000000",
            "costOfRevenue": "767000000",
            "costofGoodsAndServicesSold": "208000000",
            "operatingIncome": "147000000",
            "sellingGeneralAndAdministrative": "54000000",
            "researchAndDevelopment": "None",
            "operatingExpenses": "114000000",
            "investmentIncomeNet": "None",
            "netInterestIncome": "-44000000",
            "interestIncome": "5000000",
            "interestExpense": "44000000",
            "nonInterestIncome": "0",
            "otherNonOperatingIncome": "0",
            "depreciation": "None",
            "depreciationAndAmortization": "2000000",
            "incomeBeforeTax": "81000000",
            "incomeTaxExpense": "13000000",
            "interestAndDebtExpense": "44000000",
            "netIncomeFromContinuingOperations": "91000000",
            "comprehensiveIncomeNetOfTax": "-6000000",
            "ebit": "147000000",
            "ebitda": "127000000",
            "netIncome": "68000000"
        },
        {
            "fiscalDateEnding": "2019-12-31",
            "reportedCurrency": "USD",
            "grossProfit": "227000000",
            "totalRevenue": "1049000000",
            "costOfRevenue": "822000000",
            "costofGoodsAndServicesSold": "207000000",
            "operatingIncome": "175000000",
            "sellingGeneralAndAdministrative": "63000000",
            "researchAndDevelopment": "None",
            "operatingExpenses": "119000000",
            "investmentIncomeNet": "None",
            "netInterestIncome": "-55000000",
            "interestIncome": "8000000",
            "interestExpense": "55000000",
            "nonInterestIncome": "-19000000",
            "otherNonOperatingIncome": "0",
            "depreciation": "None",
            "depreciationAndAmortization": "2000000",
            "incomeBeforeTax": "107000000",
            "incomeTaxExpense": "13000000",
            "interestAndDebtExpense": "76000000",
            "netIncomeFromContinuingOperations": "227000000",
            "comprehensiveIncomeNetOfTax": "63000000",
            "ebit": "175000000",
            "ebitda": "164000000",
            "netIncome": "94000000"
        },
        {
            "fiscalDateEnding": "2019-09-30",
            "reportedCurrency": "USD",
            "grossProfit": "228000000",
            "totalRevenue": "1038000000",
            "costOfRevenue": "810000000",
            "costofGoodsAndServicesSold": "218000000",
            "operatingIncome": "188000000",
            "sellingGeneralAndAdministrative": "56000000",
            "researchAndDevelopment": "None",
            "operatingExpenses": "82000000",
            "investmentIncomeNet": "None",
            "netInterestIncome": "-63000000",
            "interestIncome": "4000000",
            "interestExpense": "63000000",
            "nonInterestIncome": "45000000",
            "otherNonOperatingIncome": "4000000",
            "depreciation": "None",
            "depreciationAndAmortization": "2000000",
            "incomeBeforeTax": "84000000",
            "incomeTaxExpense": "19000000",
            "interestAndDebtExpense": "63000000",
            "netIncomeFromContinuingOperations": "114000000",
            "comprehensiveIncomeNetOfTax": "35000000",
            "ebit": "188000000",
            "ebitda": "149000000",
            "netIncome": "65000000"
        },
        {
            "fiscalDateEnding": "2019-06-30",
            "reportedCurrency": "USD",
            "grossProfit": "499000000",
            "totalRevenue": "1502000000",
            "costOfRevenue": "1003000000",
            "costofGoodsAndServicesSold": "247000000",
            "operatingIncome": "475000000",
            "sellingGeneralAndAdministrative": "62000000",
            "researchAndDevelopment": "None",
            "operatingExpenses": "42000000",
            "investmentIncomeNet": "None",
            "netInterestIncome": "-59000000",
            "interestIncome": "4000000",
            "interestExpense": "59000000",
            "nonInterestIncome": "45000000",
            "otherNonOperatingIncome": "2000000",
            "depreciation": "None",
            "depreciationAndAmortization": "2000000",
            "incomeBeforeTax": "385000000",
            "incomeTaxExpense": "102000000",
            "interestAndDebtExpense": "59000000",
            "netIncomeFromContinuingOperations": "320000000",
            "comprehensiveIncomeNetOfTax": "280000000",
            "ebit": "475000000",
            "ebitda": "446000000",
            "netIncome": "283000000"
        },
        {
            "fiscalDateEnding": "2019-03-31",
            "reportedCurrency": "USD",
            "grossProfit": "220000000",
            "totalRevenue": "1001000000",
            "costOfRevenue": "781000000",
            "costofGoodsAndServicesSold": "183000000",
            "operatingIncome": "165000000",
            "sellingGeneralAndAdministrative": "58000000",
            "researchAndDevelopment": "None",
            "operatingExpenses": "121000000",
            "investmentIncomeNet": "None",
            "netInterestIncome": "-60000000",
            "interestIncome": "56000000",
            "interestExpense": "60000000",
            "nonInterestIncome": "-1000000",
            "otherNonOperatingIncome": "1000000",
            "depreciation": "None",
            "depreciationAndAmortization": "2000000",
            "incomeBeforeTax": "82000000",
            "incomeTaxExpense": "-8000000",
            "interestAndDebtExpense": "60000000",
            "netIncomeFromContinuingOperations": "118000000",
            "comprehensiveIncomeNetOfTax": "120000000",
            "ebit": "165000000",
            "ebitda": "144000000",
            "netIncome": "90000000"
        },
        {
            "fiscalDateEnding": "2018-12-31",
            "reportedCurrency": "USD",
            "grossProfit": "242000000",
            "totalRevenue": "1132000000",
            "costOfRevenue": "890000000",
            "costofGoodsAndServicesSold": "217000000",
            "operatingIncome": "195000000",
            "sellingGeneralAndAdministrative": "51000000",
            "researchAndDevelopment": "None",
            "operatingExpenses": "111000000",
            "investmentIncomeNet": "None",
            "netInterestIncome": "-61000000",
            "interestIncome": "None",
            "interestExpense": "61000000",
            "nonInterestIncome": "3000000",
            "otherNonOperatingIncome": "3000000",
            "depreciation": "None",
            "depreciationAndAmortization": "1000000",
            "incomeBeforeTax": "288000000",
            "incomeTaxExpense": "46000000",
            "interestAndDebtExpense": "61000000",
            "netIncomeFromContinuingOperations": "242000000",
            "comprehensiveIncomeNetOfTax": "-4000000",
            "ebit": "195000000",
            "ebitda": "350000000",
            "netIncome": "242000000"
        },
        {
            "fiscalDateEnding": "2018-09-30",
            "reportedCurrency": "USD",
            "grossProfit": "173000000",
            "totalRevenue": "1040000000",
            "costOfRevenue": "867000000",
            "costofGoodsAndServicesSold": "227000000",
            "operatingIncome": "136000000",
            "sellingGeneralAndAdministrative": "53000000",
            "researchAndDevelopment": "None",
            "operatingExpenses": "95000000",
            "investmentIncomeNet": "None",
            "netInterestIncome": "-59000000",
            "interestIncome": "None",
            "interestExpense": "59000000",
            "nonInterestIncome": "-3000000",
            "otherNonOperatingIncome": "2000000",
            "depreciation": "None",
            "depreciationAndAmortization": "1000000",
            "incomeBeforeTax": "42000000",
            "incomeTaxExpense": "12000000",
            "interestAndDebtExpense": "59000000",
            "netIncomeFromContinuingOperations": "71000000",
            "comprehensiveIncomeNetOfTax": "31000000",
            "ebit": "136000000",
            "ebitda": "102000000",
            "netIncome": "30000000"
        },
        {
            "fiscalDateEnding": "2018-06-30",
            "reportedCurrency": "USD",
            "grossProfit": "312000000",
            "totalRevenue": "1300000000",
            "costOfRevenue": "988000000",
            "costofGoodsAndServicesSold": "1224000000",
            "operatingIncome": "274000000",
            "sellingGeneralAndAdministrative": "53000000",
            "researchAndDevelopment": "None",
            "operatingExpenses": "109000000",
            "investmentIncomeNet": "None",
            "netInterestIncome": "-61000000",
            "interestIncome": "None",
            "interestExpense": "61000000",
            "nonInterestIncome": "-3000000",
            "otherNonOperatingIncome": "3000000",
            "depreciation": "None",
            "depreciationAndAmortization": "3000000",
            "incomeBeforeTax": "192000000",
            "incomeTaxExpense": "44000000",
            "interestAndDebtExpense": "61000000",
            "netIncomeFromContinuingOperations": "174000000",
            "comprehensiveIncomeNetOfTax": "87000000",
            "ebit": "274000000",
            "ebitda": "256000000",
            "netIncome": "148000000"
        },
        {
            "fiscalDateEnding": "2018-03-31",
            "reportedCurrency": "USD",
            "grossProfit": "190000000",
            "totalRevenue": "957000000",
            "costOfRevenue": "767000000",
            "costofGoodsAndServicesSold": "952000000",
            "operatingIncome": "161000000",
            "sellingGeneralAndAdministrative": "57000000",
            "researchAndDevelopment": "None",
            "operatingExpenses": "93000000",
            "investmentIncomeNet": "None",
            "netInterestIncome": "-60000000",
            "interestIncome": "None",
            "interestExpense": "60000000",
            "nonInterestIncome": "-1000000",
            "otherNonOperatingIncome": "1000000",
            "depreciation": "None",
            "depreciationAndAmortization": "2000000",
            "incomeBeforeTax": "80000000",
            "incomeTaxExpense": "17000000",
            "interestAndDebtExpense": "60000000",
            "netIncomeFromContinuingOperations": "88000000",
            "comprehensiveIncomeNetOfTax": "79000000",
            "ebit": "161000000",
            "ebitda": "142000000",
            "netIncome": "63000000"
        }
    ]
}