{
    "symbol": "DOV",
    "annualReports": [
        {
            "fiscalDateEnding": "2022-12-31",
            "reportedCurrency": "USD",
            "grossProfit": "3063556000",
            "totalRevenue": "8391826000",
            "costOfRevenue": "7317866000",
            "costofGoodsAndServicesSold": "5444532000",
            "operatingIncome": "1379330000",
            "sellingGeneralAndAdministrative": "1684226000",
            "researchAndDevelopment": "163300000",
            "operatingExpenses": "2042186000",
            "investmentIncomeNet": "None",
            "netInterestIncome": "-116456000",
            "interestIncome": "112026000",
            "interestExpense": "116456000",
            "nonInterestIncome": "8508282000",
            "otherNonOperatingIncome": "20201000",
            "depreciation": "148910000",
            "depreciationAndAmortization": "158628000",
            "incomeBeforeTax": "1287505000",
            "incomeTaxExpense": "222129000",
            "interestAndDebtExpense": "116456000",
            "netIncomeFromContinuingOperations": "1065376000",
            "comprehensiveIncomeNetOfTax": "953205000",
            "ebit": "1403961000",
            "ebitda": "1562589000",
            "netIncome": "1065376000"
        },
        {
            "fiscalDateEnding": "2021-12-31",
            "reportedCurrency": "USD",
            "grossProfit": "2969786000",
            "totalRevenue": "7800762000",
            "costOfRevenue": "6795092000",
            "costofGoodsAndServicesSold": "4937295000",
            "operatingIncome": "1281508000",
            "sellingGeneralAndAdministrative": "1688278000",
            "researchAndDevelopment": "157826000",
            "operatingExpenses": "1814338000",
            "investmentIncomeNet": "None",
            "netInterestIncome": "-106319000",
            "interestIncome": "101878000",
            "interestExpense": "106319000",
            "nonInterestIncome": "7907081000",
            "otherNonOperatingIncome": "14858000",
            "depreciation": "147309000",
            "depreciationAndAmortization": "142814000",
            "incomeBeforeTax": "1400826000",
            "incomeTaxExpense": "277008000",
            "interestAndDebtExpense": "106319000",
            "netIncomeFromContinuingOperations": "1123818000",
            "comprehensiveIncomeNetOfTax": "1123020000",
            "ebit": "1507145000",
            "ebitda": "1649959000",
            "netIncome": "1123818000"
        },
        {
            "fiscalDateEnding": "2020-12-31",
            "reportedCurrency": "USD",
            "grossProfit": "2474019000",
            "totalRevenue": "6577036000",
            "costOfRevenue": "5934284000",
            "costofGoodsAndServicesSold": "4209741000",
            "operatingIncome": "932987000",
            "sellingGeneralAndAdministrative": "1541032000",
            "researchAndDevelopment": "142101000",
            "operatingExpenses": "1872602000",
            "investmentIncomeNet": "None",
            "netInterestIncome": "-111937000",
            "interestIncome": "3571000",
            "interestExpense": "111937000",
            "nonInterestIncome": "6688973000",
            "otherNonOperatingIncome": "11900000",
            "depreciation": "140008000",
            "depreciationAndAmortization": "139043000",
            "incomeBeforeTax": "841734000",
            "incomeTaxExpense": "158283000",
            "interestAndDebtExpense": "111937000",
            "netIncomeFromContinuingOperations": "683451000",
            "comprehensiveIncomeNetOfTax": "746223000",
            "ebit": "953671000",
            "ebitda": "1092714000",
            "netIncome": "683451000"
        },
        {
            "fiscalDateEnding": "2019-12-31",
            "reportedCurrency": "USD",
            "grossProfit": "2620938000",
            "totalRevenue": "7136397000",
            "costOfRevenue": "4515459000",
            "costofGoodsAndServicesSold": "4515459000",
            "operatingIncome": "974894000",
            "sellingGeneralAndAdministrative": "1599098000",
            "researchAndDevelopment": "140957000",
            "operatingExpenses": "1933364000",
            "investmentIncomeNet": "None",
            "netInterestIncome": "-125818000",
            "interestIncome": "4526000",
            "interestExpense": "125818000",
            "nonInterestIncome": "7159940000",
            "otherNonOperatingIncome": "12950000",
            "depreciation": "133340000",
            "depreciationAndAmortization": "138947000",
            "incomeBeforeTax": "843009000",
            "incomeTaxExpense": "165091000",
            "interestAndDebtExpense": "102275000",
            "netIncomeFromContinuingOperations": "677918000",
            "comprehensiveIncomeNetOfTax": "704988000",
            "ebit": "968827000",
            "ebitda": "1107774000",
            "netIncome": "677918000"
        },
        {
            "fiscalDateEnding": "2018-12-31",
            "reportedCurrency": "USD",
            "grossProfit": "2559556000",
            "totalRevenue": "6992118000",
            "costOfRevenue": "4432562000",
            "costofGoodsAndServicesSold": "4432562000",
            "operatingIncome": "843112000",
            "sellingGeneralAndAdministrative": "1716444000",
            "researchAndDevelopment": "143033000",
            "operatingExpenses": "2065720000",
            "investmentIncomeNet": "None",
            "netInterestIncome": "-130972000",
            "interestIncome": "8881000",
            "interestExpense": "130972000",
            "nonInterestIncome": "0",
            "otherNonOperatingIncome": "4357000",
            "depreciation": "138712000",
            "depreciationAndAmortization": "143868000",
            "incomeBeforeTax": "704500000",
            "incomeTaxExpense": "134233000",
            "interestAndDebtExpense": "130972000",
            "netIncomeFromContinuingOperations": "591145000",
            "comprehensiveIncomeNetOfTax": "501858000",
            "ebit": "835472000",
            "ebitda": "979340000",
            "netIncome": "570267000"
        }
    ],
    "quarterlyReports": [
        {
            "fiscalDateEnding": "2022-12-31",
            "reportedCurrency": "USD",
            "grossProfit": "766329000",
            "totalRevenue": "2111970000",
            "costOfRevenue": "1836256000",
            "costofGoodsAndServicesSold": "1372852000",
            "operatingIncome": "352718000",
            "sellingGeneralAndAdministrative": "413611000",
            "researchAndDevelopment": "None",
            "operatingExpenses": "629659000",
            "investmentIncomeNet": "None",
            "netInterestIncome": "-33126000",
            "interestIncome": "31664000",
            "interestExpense": "33126000",
            "nonInterestIncome": "2145096000",
            "otherNonOperatingIncome": "2359000",
            "depreciation": "37636000",
            "depreciationAndAmortization": "39094000",
            "incomeBeforeTax": "323413000",
            "incomeTaxExpense": "59834000",
            "interestAndDebtExpense": "33126000",
            "netIncomeFromContinuingOperations": "263579000",
            "comprehensiveIncomeNetOfTax": "362050000",
            "ebit": "356539000",
            "ebitda": "395633000",
            "netIncome": "263579000"
        },
        {
            "fiscalDateEnding": "2022-09-30",
            "reportedCurrency": "USD",
            "grossProfit": "772750000",
            "totalRevenue": "2128502000",
            "costOfRevenue": "1834820000",
            "costofGoodsAndServicesSold": "1385541000",
            "operatingIncome": "370411000",
            "sellingGeneralAndAdministrative": "402339000",
            "researchAndDevelopment": "None",
            "operatingExpenses": "449279000",
            "investmentIncomeNet": "None",
            "netInterestIncome": "-29789000",
            "interestIncome": "1244000",
            "interestExpense": "29789000",
            "nonInterestIncome": "2158291000",
            "otherNonOperatingIncome": "11167000",
            "depreciation": "36889000",
            "depreciationAndAmortization": "39625000",
            "incomeBeforeTax": "353033000",
            "incomeTaxExpense": "67007000",
            "interestAndDebtExpense": "29789000",
            "netIncomeFromContinuingOperations": "286026000",
            "comprehensiveIncomeNetOfTax": "169329000",
            "ebit": "382822000",
            "ebitda": "422447000",
            "netIncome": "286026000"
        },
        {
            "fiscalDateEnding": "2022-06-30",
            "reportedCurrency": "USD",
            "grossProfit": "781283000",
            "totalRevenue": "2131726000",
            "costOfRevenue": "1844892000",
            "costofGoodsAndServicesSold": "1377432000",
            "operatingIncome": "356850000",
            "sellingGeneralAndAdministrative": "424433000",
            "researchAndDevelopment": "None",
            "operatingExpenses": "467460000",
            "investmentIncomeNet": "None",
            "netInterestIncome": "-26989000",
            "interestIncome": "949000",
            "interestExpense": "26989000",
            "nonInterestIncome": "2158715000",
            "otherNonOperatingIncome": "4546000",
            "depreciation": "36573000",
            "depreciationAndAmortization": "38718000",
            "incomeBeforeTax": "335356000",
            "incomeTaxExpense": "45738000",
            "interestAndDebtExpense": "26989000",
            "netIncomeFromContinuingOperations": "289618000",
            "comprehensiveIncomeNetOfTax": "210442000",
            "ebit": "362345000",
            "ebitda": "401063000",
            "netIncome": "289618000"
        },
        {
            "fiscalDateEnding": "2022-03-31",
            "reportedCurrency": "USD",
            "grossProfit": "743194000",
            "totalRevenue": "2019434000",
            "costOfRevenue": "1801898000",
            "costofGoodsAndServicesSold": "1308707000",
            "operatingIncome": "299351000",
            "sellingGeneralAndAdministrative": "443843000",
            "researchAndDevelopment": "None",
            "operatingExpenses": "494376000",
            "investmentIncomeNet": "None",
            "netInterestIncome": "-26552000",
            "interestIncome": "775000",
            "interestExpense": "26552000",
            "nonInterestIncome": "2045986000",
            "otherNonOperatingIncome": "2129000",
            "depreciation": "37812000",
            "depreciationAndAmortization": "41191000",
            "incomeBeforeTax": "275703000",
            "incomeTaxExpense": "49550000",
            "interestAndDebtExpense": "26552000",
            "netIncomeFromContinuingOperations": "226153000",
            "comprehensiveIncomeNetOfTax": "211384000",
            "ebit": "302255000",
            "ebitda": "343446000",
            "netIncome": "226153000"
        },
        {
            "fiscalDateEnding": "2021-12-31",
            "reportedCurrency": "USD",
            "grossProfit": "721487000",
            "totalRevenue": "1967577000",
            "costOfRevenue": "1743463000",
            "costofGoodsAndServicesSold": "1267748000",
            "operatingIncome": "282802000",
            "sellingGeneralAndAdministrative": "438685000",
            "researchAndDevelopment": "None",
            "operatingExpenses": "440991000",
            "investmentIncomeNet": "None",
            "netInterestIncome": "-26402000",
            "interestIncome": "25049000",
            "interestExpense": "26402000",
            "nonInterestIncome": "1989235000",
            "otherNonOperatingIncome": "-3378000",
            "depreciation": "36157000",
            "depreciationAndAmortization": "35730000",
            "incomeBeforeTax": "460713000",
            "incomeTaxExpense": "97928000",
            "interestAndDebtExpense": "26402000",
            "netIncomeFromContinuingOperations": "362785000",
            "comprehensiveIncomeNetOfTax": "370798000",
            "ebit": "487115000",
            "ebitda": "522845000",
            "netIncome": "362785000"
        },
        {
            "fiscalDateEnding": "2021-09-30",
            "reportedCurrency": "USD",
            "grossProfit": "754579000",
            "totalRevenue": "1991836000",
            "costOfRevenue": "1717031000",
            "costofGoodsAndServicesSold": "1263690000",
            "operatingIncome": "342026000",
            "sellingGeneralAndAdministrative": "412553000",
            "researchAndDevelopment": "None",
            "operatingExpenses": "453341000",
            "investmentIncomeNet": "None",
            "netInterestIncome": "-26433000",
            "interestIncome": "1466000",
            "interestExpense": "26433000",
            "nonInterestIncome": "2018269000",
            "otherNonOperatingIncome": "10460000",
            "depreciation": "36913000",
            "depreciationAndAmortization": "35998000",
            "incomeBeforeTax": "327519000",
            "incomeTaxExpense": "63763000",
            "interestAndDebtExpense": "26433000",
            "netIncomeFromContinuingOperations": "263756000",
            "comprehensiveIncomeNetOfTax": "239750000",
            "ebit": "353952000",
            "ebitda": "389950000",
            "netIncome": "263756000"
        },
        {
            "fiscalDateEnding": "2021-06-30",
            "reportedCurrency": "USD",
            "grossProfit": "772172000",
            "totalRevenue": "2005015000",
            "costOfRevenue": "1732456000",
            "costofGoodsAndServicesSold": "1259504000",
            "operatingIncome": "344130000",
            "sellingGeneralAndAdministrative": "428042000",
            "researchAndDevelopment": "None",
            "operatingExpenses": "472952000",
            "investmentIncomeNet": "None",
            "netInterestIncome": "-26661000",
            "interestIncome": "942000",
            "interestExpense": "26661000",
            "nonInterestIncome": "2031676000",
            "otherNonOperatingIncome": "4933000",
            "depreciation": "36045000",
            "depreciationAndAmortization": "35474000",
            "incomeBeforeTax": "323344000",
            "incomeTaxExpense": "58836000",
            "interestAndDebtExpense": "26661000",
            "netIncomeFromContinuingOperations": "264508000",
            "comprehensiveIncomeNetOfTax": "287179000",
            "ebit": "350005000",
            "ebitda": "385479000",
            "netIncome": "264508000"
        },
        {
            "fiscalDateEnding": "2021-03-31",
            "reportedCurrency": "USD",
            "grossProfit": "721548000",
            "totalRevenue": "1840966000",
            "costOfRevenue": "1597510000",
            "costofGoodsAndServicesSold": "1146353000",
            "operatingIncome": "312550000",
            "sellingGeneralAndAdministrative": "408998000",
            "researchAndDevelopment": "None",
            "operatingExpenses": "450072000",
            "investmentIncomeNet": "None",
            "netInterestIncome": "-26823000",
            "interestIncome": "26143000",
            "interestExpense": "26823000",
            "nonInterestIncome": "1867901000",
            "otherNonOperatingIncome": "2843000",
            "depreciation": "38194000",
            "depreciationAndAmortization": "35612000",
            "incomeBeforeTax": "289250000",
            "incomeTaxExpense": "56481000",
            "interestAndDebtExpense": "26823000",
            "netIncomeFromContinuingOperations": "232769000",
            "comprehensiveIncomeNetOfTax": "225293000",
            "ebit": "316073000",
            "ebitda": "351685000",
            "netIncome": "232769000"
        },
        {
            "fiscalDateEnding": "2020-12-31",
            "reportedCurrency": "USD",
            "grossProfit": "651449000",
            "totalRevenue": "1780390000",
            "costOfRevenue": "1577527360",
            "costofGoodsAndServicesSold": "1128941000",
            "operatingIncome": "245929000",
            "sellingGeneralAndAdministrative": "405520000",
            "researchAndDevelopment": "None",
            "operatingExpenses": "614219360",
            "investmentIncomeNet": "None",
            "netInterestIncome": "-28234000",
            "interestIncome": "700000",
            "interestExpense": "28234000",
            "nonInterestIncome": "1780390000",
            "otherNonOperatingIncome": "2013000",
            "depreciation": "37992000",
            "depreciationAndAmortization": "35215000",
            "incomeBeforeTax": "220408000",
            "incomeTaxExpense": "38302000",
            "interestAndDebtExpense": "28234000",
            "netIncomeFromContinuingOperations": "106487000",
            "comprehensiveIncomeNetOfTax": "261567000",
            "ebit": "248642000",
            "ebitda": "283857000",
            "netIncome": "182106000"
        },
        {
            "fiscalDateEnding": "2020-09-30",
            "reportedCurrency": "USD",
            "grossProfit": "658729000",
            "totalRevenue": "1719975000",
            "costOfRevenue": "1513491000",
            "costofGoodsAndServicesSold": "1089527000",
            "operatingIncome": "276898000",
            "sellingGeneralAndAdministrative": "381831000",
            "researchAndDevelopment": "None",
            "operatingExpenses": "424521000",
            "investmentIncomeNet": "None",
            "netInterestIncome": "-27724000",
            "interestIncome": "26764000",
            "interestExpense": "27724000",
            "nonInterestIncome": "1747699000",
            "otherNonOperatingIncome": "1420000",
            "depreciation": "34096000",
            "depreciationAndAmortization": "35393000",
            "incomeBeforeTax": "250997000",
            "incomeTaxExpense": "50697000",
            "interestAndDebtExpense": "27724000",
            "netIncomeFromContinuingOperations": "227621000",
            "comprehensiveIncomeNetOfTax": "231214000",
            "ebit": "278721000",
            "ebitda": "314114000",
            "netIncome": "200300000"
        },
        {
            "fiscalDateEnding": "2020-06-30",
            "reportedCurrency": "USD",
            "grossProfit": "551598000",
            "totalRevenue": "1469683000",
            "costOfRevenue": "1360839000",
            "costofGoodsAndServicesSold": "947577000",
            "operatingIncome": "184858000",
            "sellingGeneralAndAdministrative": "366740000",
            "researchAndDevelopment": "None",
            "operatingExpenses": "414043000",
            "investmentIncomeNet": "None",
            "netInterestIncome": "-28711000",
            "interestIncome": "728000",
            "interestExpense": "28711000",
            "nonInterestIncome": "1498394000",
            "otherNonOperatingIncome": "735000",
            "depreciation": "33365000",
            "depreciationAndAmortization": "34238000",
            "incomeBeforeTax": "156829000",
            "incomeTaxExpense": "32063000",
            "interestAndDebtExpense": "28711000",
            "netIncomeFromContinuingOperations": "153530000",
            "comprehensiveIncomeNetOfTax": "172715000",
            "ebit": "185540000",
            "ebitda": "219778000",
            "netIncome": "124766000"
        },
        {
            "fiscalDateEnding": "2020-03-31",
            "reportedCurrency": "USD",
            "grossProfit": "612243000",
            "totalRevenue": "1631519000",
            "costOfRevenue": "1475878000",
            "costofGoodsAndServicesSold": "1043696000",
            "operatingIncome": "225302000",
            "sellingGeneralAndAdministrative": "386941000",
            "researchAndDevelopment": "None",
            "operatingExpenses": "422739000",
            "investmentIncomeNet": "None",
            "netInterestIncome": "-27268000",
            "interestIncome": "1183000",
            "interestExpense": "27268000",
            "nonInterestIncome": "1662490000",
            "otherNonOperatingIncome": "7732000",
            "depreciation": "34555000",
            "depreciationAndAmortization": "34197000",
            "incomeBeforeTax": "213500000",
            "incomeTaxExpense": "37221000",
            "interestAndDebtExpense": "27268000",
            "netIncomeFromContinuingOperations": "176279000",
            "comprehensiveIncomeNetOfTax": "80727000",
            "ebit": "240768000",
            "ebitda": "274965000",
            "netIncome": "176279000"
        },
        {
            "fiscalDateEnding": "2019-12-31",
            "reportedCurrency": "USD",
            "grossProfit": "651315000",
            "totalRevenue": "1775589000",
            "costOfRevenue": "1124274000",
            "costofGoodsAndServicesSold": "1124274000",
            "operatingIncome": "248092000",
            "sellingGeneralAndAdministrative": "403223000",
            "researchAndDevelopment": "None",
            "operatingExpenses": "598942000",
            "investmentIncomeNet": "None",
            "netInterestIncome": "-30846000",
            "interestIncome": "1428000",
            "interestExpense": "30846000",
            "nonInterestIncome": "1775589000",
            "otherNonOperatingIncome": "1891000",
            "depreciation": "35976000",
            "depreciationAndAmortization": "34017000",
            "incomeBeforeTax": "197022000",
            "incomeTaxExpense": "28900000",
            "interestAndDebtExpense": "7303000",
            "netIncomeFromContinuingOperations": "168122000",
            "comprehensiveIncomeNetOfTax": "209286000",
            "ebit": "227868000",
            "ebitda": "261885000",
            "netIncome": "168122000"
        },
        {
            "fiscalDateEnding": "2019-09-30",
            "reportedCurrency": "USD",
            "grossProfit": "673488000",
            "totalRevenue": "1825345000",
            "costOfRevenue": "1151857000",
            "costofGoodsAndServicesSold": "1151857000",
            "operatingIncome": "282713000",
            "sellingGeneralAndAdministrative": "390775000",
            "researchAndDevelopment": "None",
            "operatingExpenses": "428753000",
            "investmentIncomeNet": "None",
            "netInterestIncome": "-31410000",
            "interestIncome": "1263000",
            "interestExpense": "31410000",
            "nonInterestIncome": "1825345000",
            "otherNonOperatingIncome": "5364000",
            "depreciation": "32145000",
            "depreciationAndAmortization": "34642000",
            "incomeBeforeTax": "257930000",
            "incomeTaxExpense": "51924000",
            "interestAndDebtExpense": "31410000",
            "netIncomeFromContinuingOperations": "206006000",
            "comprehensiveIncomeNetOfTax": "156929000",
            "ebit": "289340000",
            "ebitda": "323982000",
            "netIncome": "206006000"
        },
        {
            "fiscalDateEnding": "2019-06-30",
            "reportedCurrency": "USD",
            "grossProfit": "672593000",
            "totalRevenue": "1810706000",
            "costOfRevenue": "1138113000",
            "costofGoodsAndServicesSold": "1138113000",
            "operatingIncome": "275959000",
            "sellingGeneralAndAdministrative": "396634000",
            "researchAndDevelopment": "None",
            "operatingExpenses": "437110000",
            "investmentIncomeNet": "None",
            "netInterestIncome": "-31754000",
            "interestIncome": "945000",
            "interestExpense": "31754000",
            "nonInterestIncome": "1810706000",
            "otherNonOperatingIncome": "4589000",
            "depreciation": "33031000",
            "depreciationAndAmortization": "34738000",
            "incomeBeforeTax": "249739000",
            "incomeTaxExpense": "51654000",
            "interestAndDebtExpense": "31754000",
            "netIncomeFromContinuingOperations": "198085000",
            "comprehensiveIncomeNetOfTax": "180918000",
            "ebit": "281493000",
            "ebitda": "316231000",
            "netIncome": "198085000"
        },
        {
            "fiscalDateEnding": "2019-03-31",
            "reportedCurrency": "USD",
            "grossProfit": "623542000",
            "totalRevenue": "1724757000",
            "costOfRevenue": "1101215000",
            "costofGoodsAndServicesSold": "1101215000",
            "operatingIncome": "168130000",
            "sellingGeneralAndAdministrative": "408466000",
            "researchAndDevelopment": "None",
            "operatingExpenses": "468559000",
            "investmentIncomeNet": "None",
            "netInterestIncome": "-31808000",
            "interestIncome": "890000",
            "interestExpense": "31808000",
            "nonInterestIncome": "1724757000",
            "otherNonOperatingIncome": "1106000",
            "depreciation": "32188000",
            "depreciationAndAmortization": "35550000",
            "incomeBeforeTax": "73092000",
            "incomeTaxExpense": "-32613000",
            "interestAndDebtExpense": "31808000",
            "netIncomeFromContinuingOperations": "105705000",
            "comprehensiveIncomeNetOfTax": "157855000",
            "ebit": "104900000",
            "ebitda": "140450000",
            "netIncome": "105705000"
        },
        {
            "fiscalDateEnding": "2018-12-31",
            "reportedCurrency": "USD",
            "grossProfit": "644972000",
            "totalRevenue": "1808950000",
            "costOfRevenue": "1163978000",
            "costofGoodsAndServicesSold": "1163979000",
            "operatingIncome": "218773000",
            "sellingGeneralAndAdministrative": "426198000",
            "researchAndDevelopment": "None",
            "operatingExpenses": "630658000",
            "investmentIncomeNet": "None",
            "netInterestIncome": "-32015000",
            "interestIncome": "None",
            "interestExpense": "32015000",
            "nonInterestIncome": "0",
            "otherNonOperatingIncome": "-2284000",
            "depreciation": "41087000",
            "depreciationAndAmortization": "35475000",
            "incomeBeforeTax": "381335000",
            "incomeTaxExpense": "239766000",
            "interestAndDebtExpense": "32015000",
            "netIncomeFromContinuingOperations": "157975000",
            "comprehensiveIncomeNetOfTax": "91798000",
            "ebit": "413350000",
            "ebitda": "448825000",
            "netIncome": "141569000"
        },
        {
            "fiscalDateEnding": "2018-09-30",
            "reportedCurrency": "USD",
            "grossProfit": "646520000",
            "totalRevenue": "1747403000",
            "costOfRevenue": "1100883000",
            "costofGoodsAndServicesSold": "1100883000",
            "operatingIncome": "220075000",
            "sellingGeneralAndAdministrative": "426445000",
            "researchAndDevelopment": "None",
            "operatingExpenses": "486222000",
            "investmentIncomeNet": "None",
            "netInterestIncome": "-31192000",
            "interestIncome": "None",
            "interestExpense": "31192000",
            "nonInterestIncome": "0",
            "otherNonOperatingIncome": "2073000",
            "depreciation": "32514000",
            "depreciationAndAmortization": "35576000",
            "incomeBeforeTax": "121594000",
            "incomeTaxExpense": "-35711000",
            "interestAndDebtExpense": "31192000",
            "netIncomeFromContinuingOperations": "157305000",
            "comprehensiveIncomeNetOfTax": "143759000",
            "ebit": "152786000",
            "ebitda": "188362000",
            "netIncome": "157305000"
        },
        {
            "fiscalDateEnding": "2018-06-30",
            "reportedCurrency": "USD",
            "grossProfit": "665236000",
            "totalRevenue": "1798094000",
            "costOfRevenue": "1132858000",
            "costofGoodsAndServicesSold": "1132858000",
            "operatingIncome": "236461000",
            "sellingGeneralAndAdministrative": "428775000",
            "researchAndDevelopment": "None",
            "operatingExpenses": "473266000",
            "investmentIncomeNet": "None",
            "netInterestIncome": "-32125000",
            "interestIncome": "None",
            "interestExpense": "32125000",
            "nonInterestIncome": "0",
            "otherNonOperatingIncome": "4538000",
            "depreciation": "32947000",
            "depreciationAndAmortization": "36356000",
            "incomeBeforeTax": "94978000",
            "incomeTaxExpense": "-44981000",
            "interestAndDebtExpense": "32125000",
            "netIncomeFromContinuingOperations": "166456000",
            "comprehensiveIncomeNetOfTax": "78768000",
            "ebit": "127103000",
            "ebitda": "163459000",
            "netIncome": "139959000"
        },
        {
            "fiscalDateEnding": "2018-03-31",
            "reportedCurrency": "USD",
            "grossProfit": "602828000",
            "totalRevenue": "1637671000",
            "costOfRevenue": "1034843000",
            "costofGoodsAndServicesSold": "1034842000",
            "operatingIncome": "167803000",
            "sellingGeneralAndAdministrative": "435026000",
            "researchAndDevelopment": "None",
            "operatingExpenses": "567742000",
            "investmentIncomeNet": "None",
            "netInterestIncome": "-35807000",
            "interestIncome": "-167000",
            "interestExpense": "35640000",
            "nonInterestIncome": "0",
            "otherNonOperatingIncome": "30000",
            "depreciation": "32164000",
            "depreciationAndAmortization": "48890000",
            "incomeBeforeTax": "106593000",
            "incomeTaxExpense": "-24841000",
            "interestAndDebtExpense": "35807000",
            "netIncomeFromContinuingOperations": "109409000",
            "comprehensiveIncomeNetOfTax": "187534000",
            "ebit": "142233000",
            "ebitda": "191123000",
            "netIncome": "131434000"
        }
    ]
}