{
    "symbol": "EQR",
    "annualReports": [
        {
            "fiscalDateEnding": "2022-12-31",
            "reportedCurrency": "USD",
            "grossProfit": "2199831000",
            "totalRevenue": "2754656000",
            "costOfRevenue": "554825000",
            "costofGoodsAndServicesSold": "483865000",
            "operatingIncome": "1116046000",
            "sellingGeneralAndAdministrative": "58710000",
            "researchAndDevelopment": "None",
            "operatingExpenses": "71160000",
            "investmentIncomeNet": "None",
            "netInterestIncome": "-284824000",
            "interestIncome": "289456000",
            "interestExpense": "284824000",
            "nonInterestIncome": "None",
            "otherNonOperatingIncome": "-13664000",
            "depreciation": "882168000",
            "depreciationAndAmortization": "12450000",
            "incomeBeforeTax": "777811000",
            "incomeTaxExpense": "900000",
            "interestAndDebtExpense": "284824000",
            "netIncomeFromContinuingOperations": "806995000",
            "comprehensiveIncomeNetOfTax": "807588000",
            "ebit": "1116046000",
            "ebitda": "1075085000",
            "netIncome": "776911000"
        },
        {
            "fiscalDateEnding": "2021-12-31",
            "reportedCurrency": "USD",
            "grossProfit": "2752380000",
            "totalRevenue": "3290060000",
            "costOfRevenue": "537680000",
            "costofGoodsAndServicesSold": "453532000",
            "operatingIncome": "1675841000",
            "sellingGeneralAndAdministrative": "56506000",
            "researchAndDevelopment": "None",
            "operatingExpenses": "84048000",
            "investmentIncomeNet": "None",
            "netInterestIncome": "-273937000",
            "interestIncome": "25666000",
            "interestExpense": "273937000",
            "nonInterestIncome": "None",
            "otherNonOperatingIncome": "-19275000",
            "depreciation": "838272000",
            "depreciationAndAmortization": "10773000",
            "incomeBeforeTax": "1333765000",
            "incomeTaxExpense": "915000",
            "interestAndDebtExpense": "273937000",
            "netIncomeFromContinuingOperations": "1396714000",
            "comprehensiveIncomeNetOfTax": "1341925000",
            "ebit": "1675841000",
            "ebitda": "1618475000",
            "netIncome": "1332850000"
        },
        {
            "fiscalDateEnding": "2020-12-31",
            "reportedCurrency": "USD",
            "grossProfit": "-385373000",
            "totalRevenue": "139505000",
            "costOfRevenue": "524878000",
            "costofGoodsAndServicesSold": "440998000",
            "operatingIncome": "1317990000",
            "sellingGeneralAndAdministrative": "48305000",
            "researchAndDevelopment": "None",
            "operatingExpenses": "83380000",
            "investmentIncomeNet": "None",
            "netInterestIncome": "-366102000",
            "interestIncome": "5935000",
            "interestExpense": "366102000",
            "nonInterestIncome": "-26200000",
            "otherNonOperatingIncome": "-17510000",
            "depreciation": "820832000",
            "depreciationAndAmortization": "35075000",
            "incomeBeforeTax": "914488000",
            "incomeTaxExpense": "852000",
            "interestAndDebtExpense": "392252000",
            "netIncomeFromContinuingOperations": "962501000",
            "comprehensiveIncomeNetOfTax": "946314000",
            "ebit": "1317990000",
            "ebitda": "1315665000",
            "netIncome": "913636000"
        },
        {
            "fiscalDateEnding": "2019-12-31",
            "reportedCurrency": "USD",
            "grossProfit": "2179897000",
            "totalRevenue": "2701075000",
            "costOfRevenue": "521178000",
            "costofGoodsAndServicesSold": "446845000",
            "operatingIncome": "1356160000",
            "sellingGeneralAndAdministrative": "52757000",
            "researchAndDevelopment": "None",
            "operatingExpenses": "73933000",
            "investmentIncomeNet": "None",
            "netInterestIncome": "-390301000",
            "interestIncome": "2817000",
            "interestExpense": "390301000",
            "nonInterestIncome": "-13263000",
            "otherNonOperatingIncome": "-18177000",
            "depreciation": "831083000",
            "depreciationAndAmortization": "21176000",
            "incomeBeforeTax": "968096000",
            "incomeTaxExpense": "-2281000",
            "interestAndDebtExpense": "403948000",
            "netIncomeFromContinuingOperations": "1009708000",
            "comprehensiveIncomeNetOfTax": "958259000",
            "ebit": "1356160000",
            "ebitda": "1379573000",
            "netIncome": "970377000"
        },
        {
            "fiscalDateEnding": "2018-12-31",
            "reportedCurrency": "USD",
            "grossProfit": "2071452000",
            "totalRevenue": "2578434000",
            "costOfRevenue": "506982000",
            "costofGoodsAndServicesSold": "429335000",
            "operatingIncome": "1114617000",
            "sellingGeneralAndAdministrative": "53813000",
            "researchAndDevelopment": "None",
            "operatingExpenses": "76447000",
            "investmentIncomeNet": "None",
            "netInterestIncome": "-413360000",
            "interestIncome": "15317000",
            "interestExpense": "413360000",
            "nonInterestIncome": "2556324000",
            "otherNonOperatingIncome": "-17267000",
            "depreciation": "785725000",
            "depreciationAndAmortization": "22832000",
            "incomeBeforeTax": "658413000",
            "incomeTaxExpense": "878000",
            "interestAndDebtExpense": "435470000",
            "netIncomeFromContinuingOperations": "654445000",
            "comprehensiveIncomeNetOfTax": "680292000",
            "ebit": "1114617000",
            "ebitda": "1094605000",
            "netIncome": "657535000"
        }
    ],
    "quarterlyReports": [
        {
            "fiscalDateEnding": "2022-12-31",
            "reportedCurrency": "USD",
            "grossProfit": "499804000",
            "totalRevenue": "632341000",
            "costOfRevenue": "132537000",
            "costofGoodsAndServicesSold": "118588000",
            "operatingIncome": "242363000",
            "sellingGeneralAndAdministrative": "11677000",
            "researchAndDevelopment": "None",
            "operatingExpenses": "14149000",
            "investmentIncomeNet": "None",
            "netInterestIncome": "-67731000",
            "interestIncome": "70786000",
            "interestExpense": "67731000",
            "nonInterestIncome": "None",
            "otherNonOperatingIncome": "-4473000",
            "depreciation": "214272000",
            "depreciationAndAmortization": "2472000",
            "incomeBeforeTax": "159195000",
            "incomeTaxExpense": "175000",
            "interestAndDebtExpense": "67362000",
            "netIncomeFromContinuingOperations": "165354000",
            "comprehensiveIncomeNetOfTax": "157400000",
            "ebit": "242363000",
            "ebitda": "229398000",
            "netIncome": "159020000"
        },
        {
            "fiscalDateEnding": "2022-09-30",
            "reportedCurrency": "USD",
            "grossProfit": "681541000",
            "totalRevenue": "818961000",
            "costOfRevenue": "137420000",
            "costofGoodsAndServicesSold": "124048000",
            "operatingIncome": "414011000",
            "sellingGeneralAndAdministrative": "13372000",
            "researchAndDevelopment": "None",
            "operatingExpenses": "13372000",
            "investmentIncomeNet": "None",
            "netInterestIncome": "-72412000",
            "interestIncome": "720000",
            "interestExpense": "72412000",
            "nonInterestIncome": "-277000",
            "otherNonOperatingIncome": "-3755000",
            "depreciation": "214129000",
            "depreciationAndAmortization": "5103000",
            "incomeBeforeTax": "323177000",
            "incomeTaxExpense": "152000",
            "interestAndDebtExpense": "72689000",
            "netIncomeFromContinuingOperations": "335165000",
            "comprehensiveIncomeNetOfTax": "351820000",
            "ebit": "414011000",
            "ebitda": "400692000",
            "netIncome": "323025000"
        },
        {
            "fiscalDateEnding": "2022-06-30",
            "reportedCurrency": "USD",
            "grossProfit": "590168000",
            "totalRevenue": "722946000",
            "costOfRevenue": "132778000",
            "costofGoodsAndServicesSold": "116355000",
            "operatingIncome": "309934000",
            "sellingGeneralAndAdministrative": "16423000",
            "researchAndDevelopment": "None",
            "operatingExpenses": "16423000",
            "investmentIncomeNet": "None",
            "netInterestIncome": "-71889000",
            "interestIncome": "596000",
            "interestExpense": "71889000",
            "nonInterestIncome": "-92000",
            "otherNonOperatingIncome": "-2380000",
            "depreciation": "223806000",
            "depreciationAndAmortization": "2453000",
            "incomeBeforeTax": "224392000",
            "incomeTaxExpense": "291000",
            "interestAndDebtExpense": "71981000",
            "netIncomeFromContinuingOperations": "232678000",
            "comprehensiveIncomeNetOfTax": "225258000",
            "ebit": "309934000",
            "ebitda": "298734000",
            "netIncome": "224101000"
        },
        {
            "fiscalDateEnding": "2022-03-31",
            "reportedCurrency": "USD",
            "grossProfit": "435920000",
            "totalRevenue": "580454000",
            "costOfRevenue": "144534000",
            "costofGoodsAndServicesSold": "124874000",
            "operatingIncome": "149738000",
            "sellingGeneralAndAdministrative": "17238000",
            "researchAndDevelopment": "None",
            "operatingExpenses": "19660000",
            "investmentIncomeNet": "None",
            "netInterestIncome": "-72792000",
            "interestIncome": "3528000",
            "interestExpense": "72792000",
            "nonInterestIncome": "0",
            "otherNonOperatingIncome": "-3056000",
            "depreciation": "229961000",
            "depreciationAndAmortization": "2422000",
            "incomeBeforeTax": "71047000",
            "incomeTaxExpense": "282000",
            "interestAndDebtExpense": "72792000",
            "netIncomeFromContinuingOperations": "73798000",
            "comprehensiveIncomeNetOfTax": "73110000",
            "ebit": "149738000",
            "ebitda": "146261000",
            "netIncome": "70765000"
        },
        {
            "fiscalDateEnding": "2021-12-31",
            "reportedCurrency": "USD",
            "grossProfit": "2759131000",
            "totalRevenue": "2905457000",
            "costOfRevenue": "146326000",
            "costofGoodsAndServicesSold": "112271000",
            "operatingIncome": "641883000",
            "sellingGeneralAndAdministrative": "13404000",
            "researchAndDevelopment": "None",
            "operatingExpenses": "33955000",
            "investmentIncomeNet": "None",
            "netInterestIncome": "-71204000",
            "interestIncome": "373000",
            "interestExpense": "71204000",
            "nonInterestIncome": "None",
            "otherNonOperatingIncome": "-8367000",
            "depreciation": "222240000",
            "depreciationAndAmortization": "3782000",
            "incomeBeforeTax": "527210000",
            "incomeTaxExpense": "236000",
            "interestAndDebtExpense": "70940000",
            "netIncomeFromContinuingOperations": "560978000",
            "comprehensiveIncomeNetOfTax": "529289000",
            "ebit": "641883000",
            "ebitda": "602196000",
            "netIncome": "526974000"
        },
        {
            "fiscalDateEnding": "2021-09-30",
            "reportedCurrency": "USD",
            "grossProfit": "166175000",
            "totalRevenue": "295677000",
            "costOfRevenue": "129502000",
            "costofGoodsAndServicesSold": "116461000",
            "operatingIncome": "521554000",
            "sellingGeneralAndAdministrative": "13041000",
            "researchAndDevelopment": "None",
            "operatingExpenses": "13041000",
            "investmentIncomeNet": "None",
            "netInterestIncome": "-68251000",
            "interestIncome": "973000",
            "interestExpense": "68251000",
            "nonInterestIncome": "0",
            "otherNonOperatingIncome": "-3456000",
            "depreciation": "215397000",
            "depreciationAndAmortization": "2360000",
            "incomeBeforeTax": "432235000",
            "incomeTaxExpense": "284000",
            "interestAndDebtExpense": "68251000",
            "netIncomeFromContinuingOperations": "447332000",
            "comprehensiveIncomeNetOfTax": "434236000",
            "ebit": "521554000",
            "ebitda": "502846000",
            "netIncome": "431951000"
        },
        {
            "fiscalDateEnding": "2021-06-30",
            "reportedCurrency": "USD",
            "grossProfit": "34190000",
            "totalRevenue": "156614000",
            "costOfRevenue": "122424000",
            "costofGoodsAndServicesSold": "107746000",
            "operatingIncome": "376844000",
            "sellingGeneralAndAdministrative": "14678000",
            "researchAndDevelopment": "None",
            "operatingExpenses": "14678000",
            "investmentIncomeNet": "None",
            "netInterestIncome": "-67124000",
            "interestIncome": "44959000",
            "interestExpense": "67124000",
            "nonInterestIncome": "0",
            "otherNonOperatingIncome": "-3342000",
            "depreciation": "200673000",
            "depreciationAndAmortization": "2330000",
            "incomeBeforeTax": "316628000",
            "incomeTaxExpense": "242000",
            "interestAndDebtExpense": "67124000",
            "netIncomeFromContinuingOperations": "328040000",
            "comprehensiveIncomeNetOfTax": "318642000",
            "ebit": "376844000",
            "ebitda": "386082000",
            "netIncome": "316386000"
        },
        {
            "fiscalDateEnding": "2021-03-31",
            "reportedCurrency": "USD",
            "grossProfit": "-202403000",
            "totalRevenue": "530201000",
            "costOfRevenue": "134738000",
            "costofGoodsAndServicesSold": "117054000",
            "operatingIncome": "135560000",
            "sellingGeneralAndAdministrative": "15383000",
            "researchAndDevelopment": "None",
            "operatingExpenses": "17684000",
            "investmentIncomeNet": "None",
            "netInterestIncome": "-67358000",
            "interestIncome": "216000",
            "interestExpense": "67358000",
            "nonInterestIncome": "-264000",
            "otherNonOperatingIncome": "-4110000",
            "depreciation": "199962000",
            "depreciationAndAmortization": "2301000",
            "incomeBeforeTax": "57692000",
            "incomeTaxExpense": "153000",
            "interestAndDebtExpense": "67622000",
            "netIncomeFromContinuingOperations": "60364000",
            "comprehensiveIncomeNetOfTax": "59758000",
            "ebit": "135560000",
            "ebitda": "127351000",
            "netIncome": "57539000"
        },
        {
            "fiscalDateEnding": "2020-12-31",
            "reportedCurrency": "USD",
            "grossProfit": "-101326000",
            "totalRevenue": "35741000",
            "costOfRevenue": "137067000",
            "costofGoodsAndServicesSold": "107665000",
            "operatingIncome": "356606000",
            "sellingGeneralAndAdministrative": "11093000",
            "researchAndDevelopment": "None",
            "operatingExpenses": "28902000",
            "investmentIncomeNet": "None",
            "netInterestIncome": "-117753000",
            "interestIncome": "1929000",
            "interestExpense": "117753000",
            "nonInterestIncome": "-26113000",
            "otherNonOperatingIncome": "-9186000",
            "depreciation": "201829000",
            "depreciationAndAmortization": "17809000",
            "incomeBeforeTax": "253206000",
            "incomeTaxExpense": "350000",
            "interestAndDebtExpense": "143866000",
            "netIncomeFromContinuingOperations": "262984000",
            "comprehensiveIncomeNetOfTax": "270028000",
            "ebit": "356606000",
            "ebitda": "388768000",
            "netIncome": "252856000"
        },
        {
            "fiscalDateEnding": "2020-09-30",
            "reportedCurrency": "USD",
            "grossProfit": "-204823000",
            "totalRevenue": "622433000",
            "costOfRevenue": "123924000",
            "costofGoodsAndServicesSold": "113065000",
            "operatingIncome": "182410000",
            "sellingGeneralAndAdministrative": "10859000",
            "researchAndDevelopment": "None",
            "operatingExpenses": "10859000",
            "investmentIncomeNet": "None",
            "netInterestIncome": "-80874000",
            "interestIncome": "82440000",
            "interestExpense": "80874000",
            "nonInterestIncome": "-30000",
            "otherNonOperatingIncome": "-4097000",
            "depreciation": "200605000",
            "depreciationAndAmortization": "5874000",
            "incomeBeforeTax": "91548000",
            "incomeTaxExpense": "262000",
            "interestAndDebtExpense": "80874000",
            "netIncomeFromContinuingOperations": "95365000",
            "comprehensiveIncomeNetOfTax": "96952000",
            "ebit": "182410000",
            "ebitda": "178296000",
            "netIncome": "91286000"
        },
        {
            "fiscalDateEnding": "2020-06-30",
            "reportedCurrency": "USD",
            "grossProfit": "-53906000",
            "totalRevenue": "62381000",
            "costOfRevenue": "116287000",
            "costofGoodsAndServicesSold": "104452000",
            "operatingIncome": "356889000",
            "sellingGeneralAndAdministrative": "11835000",
            "researchAndDevelopment": "None",
            "operatingExpenses": "11835000",
            "investmentIncomeNet": "None",
            "netInterestIncome": "-81885000",
            "interestIncome": "1511000",
            "interestExpense": "81885000",
            "nonInterestIncome": "-56000",
            "otherNonOperatingIncome": "-1694000",
            "depreciation": "205976000",
            "depreciationAndAmortization": "5761000",
            "incomeBeforeTax": "261075000",
            "incomeTaxExpense": "187000",
            "interestAndDebtExpense": "81885000",
            "netIncomeFromContinuingOperations": "271481000",
            "comprehensiveIncomeNetOfTax": "266230000",
            "ebit": "356889000",
            "ebitda": "348721000",
            "netIncome": "260888000"
        },
        {
            "fiscalDateEnding": "2020-03-31",
            "reportedCurrency": "USD",
            "grossProfit": "546364000",
            "totalRevenue": "682329000",
            "costOfRevenue": "135965000",
            "costofGoodsAndServicesSold": "115816000",
            "operatingIncome": "422085000",
            "sellingGeneralAndAdministrative": "14518000",
            "researchAndDevelopment": "None",
            "operatingExpenses": "20149000",
            "investmentIncomeNet": "None",
            "netInterestIncome": "-85590000",
            "interestIncome": "1936000",
            "interestExpense": "85590000",
            "nonInterestIncome": "-1000",
            "otherNonOperatingIncome": "-2533000",
            "depreciation": "212422000",
            "depreciationAndAmortization": "5631000",
            "incomeBeforeTax": "308659000",
            "incomeTaxExpense": "53000",
            "interestAndDebtExpense": "85590000",
            "netIncomeFromContinuingOperations": "332671000",
            "comprehensiveIncomeNetOfTax": "313104000",
            "ebit": "422085000",
            "ebitda": "399880000",
            "netIncome": "308606000"
        },
        {
            "fiscalDateEnding": "2019-12-31",
            "reportedCurrency": "USD",
            "grossProfit": "557015000",
            "totalRevenue": "683919000",
            "costOfRevenue": "126904000",
            "costofGoodsAndServicesSold": "108348000",
            "operatingIncome": "408928000",
            "sellingGeneralAndAdministrative": "11630000",
            "researchAndDevelopment": "None",
            "operatingExpenses": "18156000",
            "investmentIncomeNet": "None",
            "netInterestIncome": "-100470000",
            "interestIncome": "596000",
            "interestExpense": "100470000",
            "nonInterestIncome": "-10242000",
            "otherNonOperatingIncome": "-6972000",
            "depreciation": "214882000",
            "depreciationAndAmortization": "6526000",
            "incomeBeforeTax": "286734000",
            "incomeTaxExpense": "-3030000",
            "interestAndDebtExpense": "110736000",
            "netIncomeFromContinuingOperations": "301306000",
            "comprehensiveIncomeNetOfTax": "296059000",
            "ebit": "408928000",
            "ebitda": "393730000",
            "netIncome": "289764000"
        },
        {
            "fiscalDateEnding": "2019-09-30",
            "reportedCurrency": "USD",
            "grossProfit": "558762000",
            "totalRevenue": "685145000",
            "costOfRevenue": "126383000",
            "costofGoodsAndServicesSold": "114966000",
            "operatingIncome": "368338000",
            "sellingGeneralAndAdministrative": "11417000",
            "researchAndDevelopment": "None",
            "operatingExpenses": "11417000",
            "investmentIncomeNet": "None",
            "netInterestIncome": "-85991000",
            "interestIncome": "631000",
            "interestExpense": "85991000",
            "nonInterestIncome": "25000",
            "otherNonOperatingIncome": "-2813000",
            "depreciation": "211478000",
            "depreciationAndAmortization": "5754000",
            "incomeBeforeTax": "267371000",
            "incomeTaxExpense": "265000",
            "interestAndDebtExpense": "85991000",
            "netIncomeFromContinuingOperations": "277846000",
            "comprehensiveIncomeNetOfTax": "272657000",
            "ebit": "368338000",
            "ebitda": "359116000",
            "netIncome": "267106000"
        },
        {
            "fiscalDateEnding": "2019-06-30",
            "reportedCurrency": "USD",
            "grossProfit": "546727000",
            "totalRevenue": "669517000",
            "costOfRevenue": "122790000",
            "costofGoodsAndServicesSold": "108461000",
            "operatingIncome": "369117000",
            "sellingGeneralAndAdministrative": "14329000",
            "researchAndDevelopment": "None",
            "operatingExpenses": "14329000",
            "investmentIncomeNet": "None",
            "netInterestIncome": "-108902000",
            "interestIncome": "1009000",
            "interestExpense": "108902000",
            "nonInterestIncome": "669517000",
            "otherNonOperatingIncome": "-5117000",
            "depreciation": "200508000",
            "depreciationAndAmortization": "4506000",
            "incomeBeforeTax": "309214000",
            "incomeTaxExpense": "246000",
            "interestAndDebtExpense": "108902000",
            "netIncomeFromContinuingOperations": "321299000",
            "comprehensiveIncomeNetOfTax": "294666000",
            "ebit": "369117000",
            "ebitda": "422622000",
            "netIncome": "308968000"
        },
        {
            "fiscalDateEnding": "2019-03-31",
            "reportedCurrency": "USD",
            "grossProfit": "527653000",
            "totalRevenue": "662494000",
            "costOfRevenue": "134841000",
            "costofGoodsAndServicesSold": "115070000",
            "operatingIncome": "209969000",
            "sellingGeneralAndAdministrative": "15381000",
            "researchAndDevelopment": "None",
            "operatingExpenses": "19771000",
            "investmentIncomeNet": "None",
            "netInterestIncome": "-94938000",
            "interestIncome": "581000",
            "interestExpense": "94938000",
            "nonInterestIncome": "662494000",
            "otherNonOperatingIncome": "-3275000",
            "depreciation": "204215000",
            "depreciationAndAmortization": "4390000",
            "incomeBeforeTax": "104777000",
            "incomeTaxExpense": "238000",
            "interestAndDebtExpense": "94938000",
            "netIncomeFromContinuingOperations": "109257000",
            "comprehensiveIncomeNetOfTax": "94877000",
            "ebit": "209969000",
            "ebitda": "204105000",
            "netIncome": "104539000"
        },
        {
            "fiscalDateEnding": "2018-12-31",
            "reportedCurrency": "USD",
            "grossProfit": "527557000",
            "totalRevenue": "652743000",
            "costOfRevenue": "125186000",
            "costofGoodsAndServicesSold": "106848000",
            "operatingIncome": "218529000",
            "sellingGeneralAndAdministrative": "12393000",
            "researchAndDevelopment": "None",
            "operatingExpenses": "18038000",
            "investmentIncomeNet": "None",
            "netInterestIncome": "-91906000",
            "interestIncome": "None",
            "interestExpense": "91906000",
            "nonInterestIncome": "653306000",
            "otherNonOperatingIncome": "-2396000",
            "depreciation": "201856000",
            "depreciationAndAmortization": "5645000",
            "incomeBeforeTax": "117298000",
            "incomeTaxExpense": "111000",
            "interestAndDebtExpense": "91906000",
            "netIncomeFromContinuingOperations": "91641000",
            "comprehensiveIncomeNetOfTax": "103413000",
            "ebit": "218529000",
            "ebitda": "214849000",
            "netIncome": "117187000"
        },
        {
            "fiscalDateEnding": "2018-09-30",
            "reportedCurrency": "USD",
            "grossProfit": "528984000",
            "totalRevenue": "652867000",
            "costOfRevenue": "123883000",
            "costofGoodsAndServicesSold": "110541000",
            "operatingIncome": "339403000",
            "sellingGeneralAndAdministrative": "12640000",
            "researchAndDevelopment": "None",
            "operatingExpenses": "13342000",
            "investmentIncomeNet": "None",
            "netInterestIncome": "-111219000",
            "interestIncome": "None",
            "interestExpense": "111219000",
            "nonInterestIncome": "652677000",
            "otherNonOperatingIncome": "-7661000",
            "depreciation": "194618000",
            "depreciationAndAmortization": "5689000",
            "incomeBeforeTax": "215217000",
            "incomeTaxExpense": "280000",
            "interestAndDebtExpense": "111219000",
            "netIncomeFromContinuingOperations": "223846000",
            "comprehensiveIncomeNetOfTax": "230948000",
            "ebit": "339403000",
            "ebitda": "332125000",
            "netIncome": "214937000"
        },
        {
            "fiscalDateEnding": "2018-06-30",
            "reportedCurrency": "USD",
            "grossProfit": "523562000",
            "totalRevenue": "639808000",
            "costOfRevenue": "116246000",
            "costofGoodsAndServicesSold": "103744000",
            "operatingIncome": "217603000",
            "sellingGeneralAndAdministrative": "12502000",
            "researchAndDevelopment": "None",
            "operatingExpenses": "12502000",
            "investmentIncomeNet": "None",
            "netInterestIncome": "-94131000",
            "interestIncome": "None",
            "interestExpense": "94131000",
            "nonInterestIncome": "639620000",
            "otherNonOperatingIncome": "-3769000",
            "depreciation": "192942000",
            "depreciationAndAmortization": "5612000",
            "incomeBeforeTax": "113876000",
            "incomeTaxExpense": "274000",
            "interestAndDebtExpense": "94131000",
            "netIncomeFromContinuingOperations": "118410000",
            "comprehensiveIncomeNetOfTax": "123644000",
            "ebit": "217603000",
            "ebitda": "213619000",
            "netIncome": "113602000"
        },
        {
            "fiscalDateEnding": "2018-03-31",
            "reportedCurrency": "USD",
            "grossProfit": "479206000",
            "totalRevenue": "633016000",
            "costOfRevenue": "153810000",
            "costofGoodsAndServicesSold": "131646000",
            "operatingIncome": "339082000",
            "sellingGeneralAndAdministrative": "16278000",
            "researchAndDevelopment": "None",
            "operatingExpenses": "22164000",
            "investmentIncomeNet": "None",
            "netInterestIncome": "-116104000",
            "interestIncome": "None",
            "interestExpense": "116104000",
            "nonInterestIncome": "610721000",
            "otherNonOperatingIncome": "-3441000",
            "depreciation": "196309000",
            "depreciationAndAmortization": "5886000",
            "incomeBeforeTax": "212022000",
            "incomeTaxExpense": "213000",
            "interestAndDebtExpense": "138214000",
            "netIncomeFromContinuingOperations": "220548000",
            "comprehensiveIncomeNetOfTax": "222287000",
            "ebit": "339082000",
            "ebitda": "334012000",
            "netIncome": "211809000"
        }
    ]
}