{
    "symbol": "ESS",
    "annualReports": [
        {
            "fiscalDateEnding": "2022-12-31",
            "reportedCurrency": "USD",
            "grossProfit": "725054000",
            "totalRevenue": "1606814000",
            "costOfRevenue": "881760000",
            "costofGoodsAndServicesSold": "283351000",
            "operatingIncome": "595229000",
            "sellingGeneralAndAdministrative": "56577000",
            "researchAndDevelopment": "None",
            "operatingExpenses": "598028000",
            "investmentIncomeNet": "None",
            "netInterestIncome": "-204798000",
            "interestIncome": "189901000",
            "interestExpense": "204798000",
            "nonInterestIncome": "11137000",
            "otherNonOperatingIncome": "14895000",
            "depreciation": "539319000",
            "depreciationAndAmortization": "539319000",
            "incomeBeforeTax": "398079000",
            "incomeTaxExpense": "-10236000",
            "interestAndDebtExpense": "204800000",
            "netIncomeFromContinuingOperations": "432985000",
            "comprehensiveIncomeNetOfTax": "460333000",
            "ebit": "595229000",
            "ebitda": "1142196000",
            "netIncome": "408315000"
        },
        {
            "fiscalDateEnding": "2021-12-31",
            "reportedCurrency": "USD",
            "grossProfit": "603416000",
            "totalRevenue": "1440556000",
            "costOfRevenue": "837140000",
            "costofGoodsAndServicesSold": "264892000",
            "operatingIncome": "529995000",
            "sellingGeneralAndAdministrative": "51838000",
            "researchAndDevelopment": "None",
            "operatingExpenses": "572107000",
            "investmentIncomeNet": "None",
            "netInterestIncome": "-203125000",
            "interestIncome": "18114000",
            "interestExpense": "203125000",
            "nonInterestIncome": "-9872000",
            "otherNonOperatingIncome": "202229000",
            "depreciation": "520066000",
            "depreciationAndAmortization": "520066000",
            "incomeBeforeTax": "504222000",
            "incomeTaxExpense": "15668000",
            "interestAndDebtExpense": "222135000",
            "netIncomeFromContinuingOperations": "488554000",
            "comprehensiveIncomeNetOfTax": "497731000",
            "ebit": "529995000",
            "ebitda": "1227413000",
            "netIncome": "488554000"
        },
        {
            "fiscalDateEnding": "2020-12-31",
            "reportedCurrency": "USD",
            "grossProfit": "637396000",
            "totalRevenue": "1495748000",
            "costOfRevenue": "858352000",
            "costofGoodsAndServicesSold": "263389000",
            "operatingIncome": "491441000",
            "sellingGeneralAndAdministrative": "65388000",
            "researchAndDevelopment": "None",
            "operatingExpenses": "594276000",
            "investmentIncomeNet": "19075000",
            "netInterestIncome": "-208833000",
            "interestIncome": "11800000",
            "interestExpense": "220633000",
            "nonInterestIncome": "-11060000",
            "otherNonOperatingIncome": "95361000",
            "depreciation": "525497000",
            "depreciationAndAmortization": "525497000",
            "incomeBeforeTax": "570401000",
            "incomeTaxExpense": "1531000",
            "interestAndDebtExpense": "243516000",
            "netIncomeFromContinuingOperations": "568870000",
            "comprehensiveIncomeNetOfTax": "568029000",
            "ebit": "491441000",
            "ebitda": "1316531000",
            "netIncome": "568870000"
        },
        {
            "fiscalDateEnding": "2019-12-31",
            "reportedCurrency": "USD",
            "grossProfit": "672345000",
            "totalRevenue": "1460155000",
            "costOfRevenue": "787810000",
            "costofGoodsAndServicesSold": "242525000",
            "operatingIncome": "481112000",
            "sellingGeneralAndAdministrative": "54262000",
            "researchAndDevelopment": "None",
            "operatingExpenses": "545285000",
            "investmentIncomeNet": "28491000",
            "netInterestIncome": "-217339000",
            "interestIncome": "46298000",
            "interestExpense": "217339000",
            "nonInterestIncome": "54814000",
            "otherNonOperatingIncome": "170597000",
            "depreciation": "483750000",
            "depreciationAndAmortization": "483750000",
            "incomeBeforeTax": "440743000",
            "incomeTaxExpense": "1457000",
            "interestAndDebtExpense": "213622000",
            "netIncomeFromContinuingOperations": "439286000",
            "comprehensiveIncomeNetOfTax": "438440000",
            "ebit": "481112000",
            "ebitda": "1141832000",
            "netIncome": "439286000"
        },
        {
            "fiscalDateEnding": "2018-12-31",
            "reportedCurrency": "USD",
            "grossProfit": "718462000",
            "totalRevenue": "1400053000",
            "costOfRevenue": "533529000",
            "costofGoodsAndServicesSold": "233764000",
            "operatingIncome": "511989000",
            "sellingGeneralAndAdministrative": "53451000",
            "researchAndDevelopment": "None",
            "operatingExpenses": "533529000",
            "investmentIncomeNet": "17637000",
            "netInterestIncome": "-220492000",
            "interestIncome": "23010000",
            "interestExpense": "220492000",
            "nonInterestIncome": "1410622000",
            "otherNonOperatingIncome": "182710000",
            "depreciation": "479884000",
            "depreciationAndAmortization": "479884000",
            "incomeBeforeTax": "413599000",
            "incomeTaxExpense": "None",
            "interestAndDebtExpense": "220492000",
            "netIncomeFromContinuingOperations": "390153000",
            "comprehensiveIncomeNetOfTax": "397616000",
            "ebit": "511989000",
            "ebitda": "991873000",
            "netIncome": "390153000"
        }
    ],
    "quarterlyReports": [
        {
            "fiscalDateEnding": "2022-12-31",
            "reportedCurrency": "USD",
            "grossProfit": "189906000",
            "totalRevenue": "415183000",
            "costOfRevenue": "225277000",
            "costofGoodsAndServicesSold": "71282000",
            "operatingIncome": "228143000",
            "sellingGeneralAndAdministrative": "16036000",
            "researchAndDevelopment": "None",
            "operatingExpenses": "153678000",
            "investmentIncomeNet": "None",
            "netInterestIncome": "-52299000",
            "interestIncome": "36296000",
            "interestExpense": "52299000",
            "nonInterestIncome": "2826000",
            "otherNonOperatingIncome": "None",
            "depreciation": "135758000",
            "depreciationAndAmortization": "135758000",
            "incomeBeforeTax": "182792000",
            "incomeTaxExpense": "-2373000",
            "interestAndDebtExpense": "52299000",
            "netIncomeFromContinuingOperations": "34280000",
            "comprehensiveIncomeNetOfTax": "180862000",
            "ebit": "228143000",
            "ebitda": "370849000",
            "netIncome": "185165000"
        },
        {
            "fiscalDateEnding": "2022-09-30",
            "reportedCurrency": "USD",
            "grossProfit": "320896000",
            "totalRevenue": "409748000",
            "costOfRevenue": "88852000",
            "costofGoodsAndServicesSold": "73450000",
            "operatingIncome": "128608000",
            "sellingGeneralAndAdministrative": "15172000",
            "researchAndDevelopment": "None",
            "operatingExpenses": "15402000",
            "investmentIncomeNet": "None",
            "netInterestIncome": "-51645000",
            "interestIncome": "5275000",
            "interestExpense": "51645000",
            "nonInterestIncome": "2884000",
            "otherNonOperatingIncome": "None",
            "depreciation": "135511000",
            "depreciationAndAmortization": "135511000",
            "incomeBeforeTax": "94597000",
            "incomeTaxExpense": "1755000",
            "interestAndDebtExpense": "51647000",
            "netIncomeFromContinuingOperations": "137838000",
            "comprehensiveIncomeNetOfTax": "118057000",
            "ebit": "128608000",
            "ebitda": "281753000",
            "netIncome": "92842000"
        },
        {
            "fiscalDateEnding": "2022-06-30",
            "reportedCurrency": "USD",
            "grossProfit": "317080000",
            "totalRevenue": "399978000",
            "costOfRevenue": "82898000",
            "costofGoodsAndServicesSold": "69761000",
            "operatingIncome": "128628000",
            "sellingGeneralAndAdministrative": "13127000",
            "researchAndDevelopment": "None",
            "operatingExpenses": "13137000",
            "investmentIncomeNet": "None",
            "netInterestIncome": "-50477000",
            "interestIncome": "4571000",
            "interestExpense": "50477000",
            "nonInterestIncome": "2738000",
            "otherNonOperatingIncome": "None",
            "depreciation": "134517000",
            "depreciationAndAmortization": "134517000",
            "incomeBeforeTax": "50190000",
            "incomeTaxExpense": "-6864000",
            "interestAndDebtExpense": "50477000",
            "netIncomeFromContinuingOperations": "127092000",
            "comprehensiveIncomeNetOfTax": "68371000",
            "ebit": "128628000",
            "ebitda": "235184000",
            "netIncome": "57054000"
        },
        {
            "fiscalDateEnding": "2022-03-31",
            "reportedCurrency": "USD",
            "grossProfit": "167202000",
            "totalRevenue": "381905000",
            "costOfRevenue": "214703000",
            "costofGoodsAndServicesSold": "68858000",
            "operatingIncome": "109850000",
            "sellingGeneralAndAdministrative": "12242000",
            "researchAndDevelopment": "None",
            "operatingExpenses": "145783000",
            "investmentIncomeNet": "None",
            "netInterestIncome": "-50377000",
            "interestIncome": "4785000",
            "interestExpense": "50377000",
            "nonInterestIncome": "2689000",
            "otherNonOperatingIncome": "None",
            "depreciation": "133533000",
            "depreciationAndAmortization": "133533000",
            "incomeBeforeTax": "70500000",
            "incomeTaxExpense": "-2754000",
            "interestAndDebtExpense": "50377000",
            "netIncomeFromContinuingOperations": "73254000",
            "comprehensiveIncomeNetOfTax": "93043000",
            "ebit": "109850000",
            "ebitda": "254410000",
            "netIncome": "73254000"
        },
        {
            "fiscalDateEnding": "2021-12-31",
            "reportedCurrency": "USD",
            "grossProfit": "155038000",
            "totalRevenue": "371596000",
            "costOfRevenue": "216558000",
            "costofGoodsAndServicesSold": "66997000",
            "operatingIncome": "101262000",
            "sellingGeneralAndAdministrative": "17092000",
            "researchAndDevelopment": "None",
            "operatingExpenses": "149310000",
            "investmentIncomeNet": "None",
            "netInterestIncome": "-50486000",
            "interestIncome": "53168000",
            "interestExpense": "50486000",
            "nonInterestIncome": "2403000",
            "otherNonOperatingIncome": "103626000",
            "depreciation": "132179000",
            "depreciationAndAmortization": "132179000",
            "incomeBeforeTax": "147151000",
            "incomeTaxExpense": "10277000",
            "interestAndDebtExpense": "50514000",
            "netIncomeFromContinuingOperations": "136874000",
            "comprehensiveIncomeNetOfTax": "140290000",
            "ebit": "101262000",
            "ebitda": "329816000",
            "netIncome": "136874000"
        },
        {
            "fiscalDateEnding": "2021-09-30",
            "reportedCurrency": "USD",
            "grossProfit": "280508000",
            "totalRevenue": "362857000",
            "costOfRevenue": "82349000",
            "costofGoodsAndServicesSold": "69529000",
            "operatingIncome": "137971000",
            "sellingGeneralAndAdministrative": "12712000",
            "researchAndDevelopment": "None",
            "operatingExpenses": "12820000",
            "investmentIncomeNet": "None",
            "netInterestIncome": "-50019000",
            "interestIncome": "11998000",
            "interestExpense": "50019000",
            "nonInterestIncome": "2237000",
            "otherNonOperatingIncome": "40091000",
            "depreciation": "130564000",
            "depreciationAndAmortization": "130564000",
            "incomeBeforeTax": "121431000",
            "incomeTaxExpense": "3041000",
            "interestAndDebtExpense": "50019000",
            "netIncomeFromContinuingOperations": "118390000",
            "comprehensiveIncomeNetOfTax": "119190000",
            "ebit": "137971000",
            "ebitda": "302014000",
            "netIncome": "118390000"
        },
        {
            "fiscalDateEnding": "2021-06-30",
            "reportedCurrency": "USD",
            "grossProfit": "275500000",
            "totalRevenue": "350978000",
            "costOfRevenue": "75478000",
            "costofGoodsAndServicesSold": "63215000",
            "operatingIncome": "93381000",
            "sellingGeneralAndAdministrative": "12222000",
            "researchAndDevelopment": "None",
            "operatingExpenses": "12263000",
            "investmentIncomeNet": "None",
            "netInterestIncome": "-50971000",
            "interestIncome": "22371000",
            "interestExpense": "50971000",
            "nonInterestIncome": "-14244000",
            "otherNonOperatingIncome": "26787000",
            "depreciation": "128736000",
            "depreciationAndAmortization": "128736000",
            "incomeBeforeTax": "66688000",
            "incomeTaxExpense": "1842000",
            "interestAndDebtExpense": "67436000",
            "netIncomeFromContinuingOperations": "64846000",
            "comprehensiveIncomeNetOfTax": "65468000",
            "ebit": "93381000",
            "ebitda": "246395000",
            "netIncome": "64846000"
        },
        {
            "fiscalDateEnding": "2021-03-31",
            "reportedCurrency": "USD",
            "grossProfit": "151522000",
            "totalRevenue": "355125000",
            "costOfRevenue": "203603000",
            "costofGoodsAndServicesSold": "65151000",
            "operatingIncome": "197381000",
            "sellingGeneralAndAdministrative": "9812000",
            "researchAndDevelopment": "None",
            "operatingExpenses": "138414000",
            "investmentIncomeNet": "None",
            "netInterestIncome": "-51649000",
            "interestIncome": "14387000",
            "interestExpense": "51649000",
            "nonInterestIncome": "-268000",
            "otherNonOperatingIncome": "31725000",
            "depreciation": "128587000",
            "depreciationAndAmortization": "128587000",
            "incomeBeforeTax": "168952000",
            "incomeTaxExpense": "508000",
            "interestAndDebtExpense": "54166000",
            "netIncomeFromContinuingOperations": "168444000",
            "comprehensiveIncomeNetOfTax": "172783000",
            "ebit": "197381000",
            "ebitda": "349188000",
            "netIncome": "168444000"
        },
        {
            "fiscalDateEnding": "2020-12-31",
            "reportedCurrency": "USD",
            "grossProfit": "138849000",
            "totalRevenue": "362073000",
            "costOfRevenue": "223224000",
            "costofGoodsAndServicesSold": "66079000",
            "operatingIncome": "111931000",
            "sellingGeneralAndAdministrative": "23144000",
            "researchAndDevelopment": "None",
            "operatingExpenses": "156558000",
            "investmentIncomeNet": "12477000",
            "netInterestIncome": "-43809000",
            "interestIncome": "11800000",
            "interestExpense": "55609000",
            "nonInterestIncome": "5448000",
            "otherNonOperatingIncome": "45222000",
            "depreciation": "130127000",
            "depreciationAndAmortization": "130127000",
            "incomeBeforeTax": "95640000",
            "incomeTaxExpense": "-105000",
            "interestAndDebtExpense": "54672000",
            "netIncomeFromContinuingOperations": "95745000",
            "comprehensiveIncomeNetOfTax": "97816000",
            "ebit": "111931000",
            "ebitda": "281376000",
            "netIncome": "95745000"
        },
        {
            "fiscalDateEnding": "2020-09-30",
            "reportedCurrency": "USD",
            "grossProfit": "289462000",
            "totalRevenue": "370811000",
            "costOfRevenue": "81349000",
            "costofGoodsAndServicesSold": "68037000",
            "operatingIncome": "128937000",
            "sellingGeneralAndAdministrative": "13310000",
            "researchAndDevelopment": "None",
            "operatingExpenses": "13312000",
            "investmentIncomeNet": "1736000",
            "netInterestIncome": "-55430000",
            "interestIncome": "30981000",
            "interestExpense": "55430000",
            "nonInterestIncome": "-16767000",
            "otherNonOperatingIncome": "5335000",
            "depreciation": "130202000",
            "depreciationAndAmortization": "130202000",
            "incomeBeforeTax": "73661000",
            "incomeTaxExpense": "0",
            "interestAndDebtExpense": "74544000",
            "netIncomeFromContinuingOperations": "73661000",
            "comprehensiveIncomeNetOfTax": "75571000",
            "ebit": "128937000",
            "ebitda": "259293000",
            "netIncome": "73661000"
        },
        {
            "fiscalDateEnding": "2020-06-30",
            "reportedCurrency": "USD",
            "grossProfit": "290388000",
            "totalRevenue": "370497000",
            "costOfRevenue": "80109000",
            "costofGoodsAndServicesSold": "65142000",
            "operatingIncome": "119736000",
            "sellingGeneralAndAdministrative": "14952000",
            "researchAndDevelopment": "None",
            "operatingExpenses": "14967000",
            "investmentIncomeNet": "2468000",
            "netInterestIncome": "-54447000",
            "interestIncome": "11405000",
            "interestExpense": "54447000",
            "nonInterestIncome": "-2679000",
            "otherNonOperatingIncome": "26423000",
            "depreciation": "133609000",
            "depreciationAndAmortization": "133609000",
            "incomeBeforeTax": "86094000",
            "incomeTaxExpense": "1636000",
            "interestAndDebtExpense": "59474000",
            "netIncomeFromContinuingOperations": "84458000",
            "comprehensiveIncomeNetOfTax": "88416000",
            "ebit": "119736000",
            "ebitda": "274150000",
            "netIncome": "84458000"
        },
        {
            "fiscalDateEnding": "2020-03-31",
            "reportedCurrency": "USD",
            "grossProfit": "182658000",
            "totalRevenue": "392367000",
            "costOfRevenue": "209709000",
            "costofGoodsAndServicesSold": "64131000",
            "operatingIncome": "130837000",
            "sellingGeneralAndAdministrative": "13982000",
            "researchAndDevelopment": "None",
            "operatingExpenses": "145628000",
            "investmentIncomeNet": "2394000",
            "netInterestIncome": "-55147000",
            "interestIncome": "5221000",
            "interestExpense": "55147000",
            "nonInterestIncome": "2938000",
            "otherNonOperatingIncome": "18381000",
            "depreciation": "131559000",
            "depreciationAndAmortization": "131559000",
            "incomeBeforeTax": "315006000",
            "incomeTaxExpense": "0",
            "interestAndDebtExpense": "54826000",
            "netIncomeFromContinuingOperations": "315006000",
            "comprehensiveIncomeNetOfTax": "306226000",
            "ebit": "130837000",
            "ebitda": "501712000",
            "netIncome": "315006000"
        },
        {
            "fiscalDateEnding": "2019-12-31",
            "reportedCurrency": "USD",
            "grossProfit": "141509000",
            "totalRevenue": "375365000",
            "costOfRevenue": "388168000",
            "costofGoodsAndServicesSold": "62115000",
            "operatingIncome": "116818000",
            "sellingGeneralAndAdministrative": "15531000",
            "researchAndDevelopment": "None",
            "operatingExpenses": "145643000",
            "investmentIncomeNet": "11818000",
            "netInterestIncome": "-54688000",
            "interestIncome": "17005000",
            "interestExpense": "54688000",
            "nonInterestIncome": "-1037989000",
            "otherNonOperatingIncome": "73097000",
            "depreciation": "122908000",
            "depreciationAndAmortization": "122908000",
            "incomeBeforeTax": "135182000",
            "incomeTaxExpense": "0",
            "interestAndDebtExpense": "58114000",
            "netIncomeFromContinuingOperations": "128818000",
            "comprehensiveIncomeNetOfTax": "133958000",
            "ebit": "116818000",
            "ebitda": "312778000",
            "netIncome": "135182000"
        },
        {
            "fiscalDateEnding": "2019-09-30",
            "reportedCurrency": "USD",
            "grossProfit": "306262000",
            "totalRevenue": "366932000",
            "costOfRevenue": "11358000",
            "costofGoodsAndServicesSold": "62883000",
            "operatingIncome": "124039000",
            "sellingGeneralAndAdministrative": "11345000",
            "researchAndDevelopment": "None",
            "operatingExpenses": "11358000",
            "investmentIncomeNet": "5804000",
            "netInterestIncome": "-54896000",
            "interestIncome": "8685000",
            "interestExpense": "54896000",
            "nonInterestIncome": "372407000",
            "otherNonOperatingIncome": "38014000",
            "depreciation": "120809000",
            "depreciationAndAmortization": "120809000",
            "incomeBeforeTax": "100792000",
            "incomeTaxExpense": "1457000",
            "interestAndDebtExpense": "49421000",
            "netIncomeFromContinuingOperations": "99335000",
            "comprehensiveIncomeNetOfTax": "99299000",
            "ebit": "124039000",
            "ebitda": "276497000",
            "netIncome": "99335000"
        },
        {
            "fiscalDateEnding": "2019-06-30",
            "reportedCurrency": "USD",
            "grossProfit": "294014000",
            "totalRevenue": "361635000",
            "costOfRevenue": "13951000",
            "costofGoodsAndServicesSold": "58905000",
            "operatingIncome": "124560000",
            "sellingGeneralAndAdministrative": "13927000",
            "researchAndDevelopment": "None",
            "operatingExpenses": "13951000",
            "investmentIncomeNet": "5558000",
            "netInterestIncome": "-54112000",
            "interestIncome": "8347000",
            "interestExpense": "54112000",
            "nonInterestIncome": "361967000",
            "otherNonOperatingIncome": "27613000",
            "depreciation": "119465000",
            "depreciationAndAmortization": "119465000",
            "incomeBeforeTax": "98061000",
            "incomeTaxExpense": "5640000",
            "interestAndDebtExpense": "53780000",
            "netIncomeFromContinuingOperations": "92275000",
            "comprehensiveIncomeNetOfTax": "88100000",
            "ebit": "124560000",
            "ebitda": "244025000",
            "netIncome": "92275000"
        },
        {
            "fiscalDateEnding": "2019-03-31",
            "reportedCurrency": "USD",
            "grossProfit": "169857000",
            "totalRevenue": "356223000",
            "costOfRevenue": "134059000",
            "costofGoodsAndServicesSold": "58622000",
            "operatingIncome": "115695000",
            "sellingGeneralAndAdministrative": "13459000",
            "researchAndDevelopment": "None",
            "operatingExpenses": "134059000",
            "investmentIncomeNet": "5311000",
            "netInterestIncome": "-53643000",
            "interestIncome": "23061000",
            "interestExpense": "53643000",
            "nonInterestIncome": "357559000",
            "otherNonOperatingIncome": "31873000",
            "depreciation": "120568000",
            "depreciationAndAmortization": "120568000",
            "incomeBeforeTax": "125505000",
            "incomeTaxExpense": "6585000",
            "interestAndDebtExpense": "52307000",
            "netIncomeFromContinuingOperations": "118858000",
            "comprehensiveIncomeNetOfTax": "117083000",
            "ebit": "115695000",
            "ebitda": "236263000",
            "netIncome": "118858000"
        },
        {
            "fiscalDateEnding": "2018-12-31",
            "reportedCurrency": "USD",
            "grossProfit": "350787000",
            "totalRevenue": "497249000",
            "costOfRevenue": "137547000",
            "costofGoodsAndServicesSold": "106199000",
            "operatingIncome": "149029000",
            "sellingGeneralAndAdministrative": "16912000",
            "researchAndDevelopment": "None",
            "operatingExpenses": "137547000",
            "investmentIncomeNet": "4688000",
            "netInterestIncome": "-54157000",
            "interestIncome": "None",
            "interestExpense": "54157000",
            "nonInterestIncome": "350787000",
            "otherNonOperatingIncome": "67886000",
            "depreciation": "120597000",
            "depreciationAndAmortization": "120597000",
            "incomeBeforeTax": "124440000",
            "incomeTaxExpense": "None",
            "interestAndDebtExpense": "54157000",
            "netIncomeFromContinuingOperations": "117820000",
            "comprehensiveIncomeNetOfTax": "113151000",
            "ebit": "149029000",
            "ebitda": "269626000",
            "netIncome": "117820000"
        },
        {
            "fiscalDateEnding": "2018-09-30",
            "reportedCurrency": "USD",
            "grossProfit": "285089000",
            "totalRevenue": "295721000",
            "costOfRevenue": "10632000",
            "costofGoodsAndServicesSold": "105536000",
            "operatingIncome": "113897000",
            "sellingGeneralAndAdministrative": "10601000",
            "researchAndDevelopment": "None",
            "operatingExpenses": "10632000",
            "investmentIncomeNet": "4480000",
            "netInterestIncome": "-55196000",
            "interestIncome": "None",
            "interestExpense": "55196000",
            "nonInterestIncome": "350917000",
            "otherNonOperatingIncome": "27425000",
            "depreciation": "120852000",
            "depreciationAndAmortization": "120852000",
            "incomeBeforeTax": "86110000",
            "incomeTaxExpense": "5235000",
            "interestAndDebtExpense": "55196000",
            "netIncomeFromContinuingOperations": "80975000",
            "comprehensiveIncomeNetOfTax": "83865000",
            "ebit": "113897000",
            "ebitda": "234749000",
            "netIncome": "80975000"
        },
        {
            "fiscalDateEnding": "2018-06-30",
            "reportedCurrency": "USD",
            "grossProfit": "337530000",
            "totalRevenue": "348723000",
            "costOfRevenue": "11193000",
            "costofGoodsAndServicesSold": "101928000",
            "operatingIncome": "138516000",
            "sellingGeneralAndAdministrative": "11125000",
            "researchAndDevelopment": "None",
            "operatingExpenses": "11193000",
            "investmentIncomeNet": "4312000",
            "netInterestIncome": "-56278000",
            "interestIncome": "None",
            "interestExpense": "56278000",
            "nonInterestIncome": "348723000",
            "otherNonOperatingIncome": "46416000",
            "depreciation": "119330000",
            "depreciationAndAmortization": "119330000",
            "incomeBeforeTax": "106410000",
            "incomeTaxExpense": "6082000",
            "interestAndDebtExpense": "56278000",
            "netIncomeFromContinuingOperations": "100440000",
            "comprehensiveIncomeNetOfTax": "103711000",
            "ebit": "138516000",
            "ebitda": "257846000",
            "netIncome": "100440000"
        },
        {
            "fiscalDateEnding": "2018-03-31",
            "reportedCurrency": "USD",
            "grossProfit": "156030000",
            "totalRevenue": "347255000",
            "costOfRevenue": "191225000",
            "costofGoodsAndServicesSold": "57250000",
            "operatingIncome": "110547000",
            "sellingGeneralAndAdministrative": "14813000",
            "researchAndDevelopment": "None",
            "operatingExpenses": "133975000",
            "investmentIncomeNet": "4157000",
            "netInterestIncome": "-54861000",
            "interestIncome": "None",
            "interestExpense": "54861000",
            "nonInterestIncome": "344947000",
            "otherNonOperatingIncome": "40983000",
            "depreciation": "119105000",
            "depreciationAndAmortization": "119105000",
            "incomeBeforeTax": "96639000",
            "incomeTaxExpense": "5926000",
            "interestAndDebtExpense": "54861000",
            "netIncomeFromContinuingOperations": "90918000",
            "comprehensiveIncomeNetOfTax": "96889000",
            "ebit": "110547000",
            "ebitda": "229652000",
            "netIncome": "90918000"
        }
    ]
}