{
    "symbol": "LW",
    "annualReports": [
        {
            "fiscalDateEnding": "2022-05-29",
            "reportedCurrency": "USD",
            "grossProfit": "832000000",
            "totalRevenue": "4042200000",
            "costOfRevenue": "3661400000",
            "costofGoodsAndServicesSold": "3266900000",
            "operatingIncome": "444400000",
            "sellingGeneralAndAdministrative": "387600000",
            "researchAndDevelopment": "16200000",
            "operatingExpenses": "410700000",
            "investmentIncomeNet": "None",
            "netInterestIncome": "-5000000",
            "interestIncome": "107700000",
            "interestExpense": "5000000",
            "nonInterestIncome": "4042300000",
            "otherNonOperatingIncome": "-10700000",
            "depreciation": "181500000",
            "depreciationAndAmortization": "6900000",
            "incomeBeforeTax": "272700000",
            "incomeTaxExpense": "71800000",
            "interestAndDebtExpense": "58300000",
            "netIncomeFromContinuingOperations": "200900000",
            "comprehensiveIncomeNetOfTax": "155800000",
            "ebit": "444400000",
            "ebitda": "284600000",
            "netIncome": "200900000"
        },
        {
            "fiscalDateEnding": "2021-05-30",
            "reportedCurrency": "USD",
            "grossProfit": "832000000",
            "totalRevenue": "3669200000",
            "costOfRevenue": "3203000000",
            "costofGoodsAndServicesSold": "2838900000",
            "operatingIncome": "474800000",
            "sellingGeneralAndAdministrative": "357200000",
            "researchAndDevelopment": "12900000",
            "operatingExpenses": "377000000",
            "investmentIncomeNet": "None",
            "netInterestIncome": "-6400000",
            "interestIncome": "118300000",
            "interestExpense": "6400000",
            "nonInterestIncome": "3672200000",
            "otherNonOperatingIncome": "51800000",
            "depreciation": "177700000",
            "depreciationAndAmortization": "6900000",
            "incomeBeforeTax": "408300000",
            "incomeTaxExpense": "90500000",
            "interestAndDebtExpense": "6400000",
            "netIncomeFromContinuingOperations": "317800000",
            "comprehensiveIncomeNetOfTax": "387800000",
            "ebit": "474800000",
            "ebitda": "421600000",
            "netIncome": "317800000"
        },
        {
            "fiscalDateEnding": "2020-05-31",
            "reportedCurrency": "USD",
            "grossProfit": "895200000",
            "totalRevenue": "3788200000",
            "costOfRevenue": "3241200000",
            "costofGoodsAndServicesSold": "2897200000",
            "operatingIncome": "556900000",
            "sellingGeneralAndAdministrative": "338300000",
            "researchAndDevelopment": "15400000",
            "operatingExpenses": "359400000",
            "investmentIncomeNet": "None",
            "netInterestIncome": "-6800000",
            "interestIncome": "108000000",
            "interestExpense": "6800000",
            "nonInterestIncome": "3792300000",
            "otherNonOperatingIncome": "29300000",
            "depreciation": "175300000",
            "depreciationAndAmortization": "5700000",
            "incomeBeforeTax": "478200000",
            "incomeTaxExpense": "112300000",
            "interestAndDebtExpense": "6800000",
            "netIncomeFromContinuingOperations": "365900000",
            "comprehensiveIncomeNetOfTax": "350700000",
            "ebit": "556900000",
            "ebitda": "490700000",
            "netIncome": "365900000"
        },
        {
            "fiscalDateEnding": "2019-05-26",
            "reportedCurrency": "USD",
            "grossProfit": "1003500000",
            "totalRevenue": "3751800000",
            "costOfRevenue": "3090300000",
            "costofGoodsAndServicesSold": "2753000000",
            "operatingIncome": "668400000",
            "sellingGeneralAndAdministrative": "335100000",
            "researchAndDevelopment": "15400000",
            "operatingExpenses": "352700000",
            "investmentIncomeNet": "None",
            "netInterestIncome": "-4700000",
            "interestIncome": "107100000",
            "interestExpense": "4700000",
            "nonInterestIncome": "3756500000",
            "otherNonOperatingIncome": "59500000",
            "depreciation": "155500000",
            "depreciationAndAmortization": "2200000",
            "incomeBeforeTax": "612200000",
            "incomeTaxExpense": "133600000",
            "interestAndDebtExpense": "4700000",
            "netIncomeFromContinuingOperations": "487200000",
            "comprehensiveIncomeNetOfTax": "457600000",
            "ebit": "668400000",
            "ebitda": "619100000",
            "netIncome": "478600000"
        },
        {
            "fiscalDateEnding": "2018-05-27",
            "reportedCurrency": "USD",
            "grossProfit": "879500000",
            "totalRevenue": "3419100000",
            "costOfRevenue": "2846000000",
            "costofGoodsAndServicesSold": "2544200000",
            "operatingIncome": "580100000",
            "sellingGeneralAndAdministrative": "299400000",
            "researchAndDevelopment": "13500000",
            "operatingExpenses": "315300000",
            "investmentIncomeNet": "None",
            "netInterestIncome": "-4600000",
            "interestIncome": "108800000",
            "interestExpense": "4600000",
            "nonInterestIncome": "3423700000",
            "otherNonOperatingIncome": "83600000",
            "depreciation": "136300000",
            "depreciationAndAmortization": "2400000",
            "incomeBeforeTax": "538000000",
            "incomeTaxExpense": "121200000",
            "interestAndDebtExpense": "4600000",
            "netIncomeFromContinuingOperations": "433700000",
            "comprehensiveIncomeNetOfTax": "421800000",
            "ebit": "580100000",
            "ebitda": "545000000",
            "netIncome": "416800000"
        }
    ],
    "quarterlyReports": [
        {
            "fiscalDateEnding": "2022-11-27",
            "reportedCurrency": "USD",
            "grossProfit": "381600000",
            "totalRevenue": "1276500000",
            "costOfRevenue": "1006200000",
            "costofGoodsAndServicesSold": "894900000",
            "operatingIncome": "271800000",
            "sellingGeneralAndAdministrative": "109800000",
            "researchAndDevelopment": "None",
            "operatingExpenses": "111300000",
            "investmentIncomeNet": "None",
            "netInterestIncome": "-24600000",
            "interestIncome": "24600000",
            "interestExpense": "24600000",
            "nonInterestIncome": "1276500000",
            "otherNonOperatingIncome": "-107300000",
            "depreciation": "49700000",
            "depreciationAndAmortization": "1500000",
            "incomeBeforeTax": "139900000",
            "incomeTaxExpense": "36800000",
            "interestAndDebtExpense": "None",
            "netIncomeFromContinuingOperations": "103100000",
            "comprehensiveIncomeNetOfTax": "87700000",
            "ebit": "271800000",
            "ebitda": "273300000",
            "netIncome": "103100000"
        },
        {
            "fiscalDateEnding": "2022-08-28",
            "reportedCurrency": "USD",
            "grossProfit": "273300000",
            "totalRevenue": "1125600000",
            "costOfRevenue": "970000000",
            "costofGoodsAndServicesSold": "852300000",
            "operatingIncome": "157000000",
            "sellingGeneralAndAdministrative": "116300000",
            "researchAndDevelopment": "None",
            "operatingExpenses": "117700000",
            "investmentIncomeNet": "None",
            "netInterestIncome": "-26000000",
            "interestIncome": "26000000",
            "interestExpense": "26000000",
            "nonInterestIncome": "1125600000",
            "otherNonOperatingIncome": "174600000",
            "depreciation": "47300000",
            "depreciationAndAmortization": "1400000",
            "incomeBeforeTax": "305600000",
            "incomeTaxExpense": "73700000",
            "interestAndDebtExpense": "None",
            "netIncomeFromContinuingOperations": "231900000",
            "comprehensiveIncomeNetOfTax": "201400000",
            "ebit": "157000000",
            "ebitda": "158400000",
            "netIncome": "231900000"
        },
        {
            "fiscalDateEnding": "2022-05-29",
            "reportedCurrency": "USD",
            "grossProfit": "254200000",
            "totalRevenue": "1149700000",
            "costOfRevenue": "1019700000",
            "costofGoodsAndServicesSold": "898900000",
            "operatingIncome": "136000000",
            "sellingGeneralAndAdministrative": "118200000",
            "researchAndDevelopment": "None",
            "operatingExpenses": "137000000",
            "investmentIncomeNet": "None",
            "netInterestIncome": "-24900000",
            "interestIncome": "24900000",
            "interestExpense": "24900000",
            "nonInterestIncome": "1149800000",
            "otherNonOperatingIncome": "-56700000",
            "depreciation": "47000000",
            "depreciationAndAmortization": "2600000",
            "incomeBeforeTax": "54400000",
            "incomeTaxExpense": "22400000",
            "interestAndDebtExpense": "5000000",
            "netIncomeFromContinuingOperations": "32000000",
            "comprehensiveIncomeNetOfTax": "23800000",
            "ebit": "136000000",
            "ebitda": "138600000",
            "netIncome": "32000000"
        },
        {
            "fiscalDateEnding": "2022-02-27",
            "reportedCurrency": "USD",
            "grossProfit": "221000000",
            "totalRevenue": "955000000",
            "costOfRevenue": "822500000",
            "costofGoodsAndServicesSold": "734000000",
            "operatingIncome": "133800000",
            "sellingGeneralAndAdministrative": "87200000",
            "researchAndDevelopment": "None",
            "operatingExpenses": "88500000",
            "investmentIncomeNet": "None",
            "netInterestIncome": "-25800000",
            "interestIncome": "25800000",
            "interestExpense": "25800000",
            "nonInterestIncome": "955000000",
            "otherNonOperatingIncome": "29700000",
            "depreciation": "45300000",
            "depreciationAndAmortization": "1300000",
            "incomeBeforeTax": "137700000",
            "incomeTaxExpense": "31100000",
            "interestAndDebtExpense": "0",
            "netIncomeFromContinuingOperations": "106600000",
            "comprehensiveIncomeNetOfTax": "106700000",
            "ebit": "133800000",
            "ebitda": "135100000",
            "netIncome": "106600000"
        },
        {
            "fiscalDateEnding": "2021-11-28",
            "reportedCurrency": "USD",
            "grossProfit": "205500000",
            "totalRevenue": "953300000",
            "costOfRevenue": "893700000",
            "costofGoodsAndServicesSold": "801100000",
            "operatingIncome": "114400000",
            "sellingGeneralAndAdministrative": "91100000",
            "researchAndDevelopment": "None",
            "operatingExpenses": "92600000",
            "investmentIncomeNet": "None",
            "netInterestIncome": "-82400000",
            "interestIncome": "82400000",
            "interestExpense": "82400000",
            "nonInterestIncome": "953300000",
            "otherNonOperatingIncome": "10100000",
            "depreciation": "44700000",
            "depreciationAndAmortization": "1500000",
            "incomeBeforeTax": "42100000",
            "incomeTaxExpense": "9600000",
            "interestAndDebtExpense": "53300000",
            "netIncomeFromContinuingOperations": "32500000",
            "comprehensiveIncomeNetOfTax": "17700000",
            "ebit": "114400000",
            "ebitda": "115900000",
            "netIncome": "32500000"
        },
        {
            "fiscalDateEnding": "2021-08-29",
            "reportedCurrency": "USD",
            "grossProfit": "151300000",
            "totalRevenue": "984200000",
            "costOfRevenue": "925500000",
            "costofGoodsAndServicesSold": "832900000",
            "operatingIncome": "60200000",
            "sellingGeneralAndAdministrative": "91100000",
            "researchAndDevelopment": "None",
            "operatingExpenses": "92600000",
            "investmentIncomeNet": "None",
            "netInterestIncome": "-27900000",
            "interestIncome": "27900000",
            "interestExpense": "27900000",
            "nonInterestIncome": "984200000",
            "otherNonOperatingIncome": "6200000",
            "depreciation": "44500000",
            "depreciationAndAmortization": "1500000",
            "incomeBeforeTax": "38500000",
            "incomeTaxExpense": "8700000",
            "interestAndDebtExpense": "None",
            "netIncomeFromContinuingOperations": "29800000",
            "comprehensiveIncomeNetOfTax": "7600000",
            "ebit": "60200000",
            "ebitda": "61700000",
            "netIncome": "29800000"
        },
        {
            "fiscalDateEnding": "2021-05-30",
            "reportedCurrency": "USD",
            "grossProfit": "198000000",
            "totalRevenue": "1005800000",
            "costOfRevenue": "911900000",
            "costofGoodsAndServicesSold": "809500000",
            "operatingIncome": "98900000",
            "sellingGeneralAndAdministrative": "99100000",
            "researchAndDevelopment": "None",
            "operatingExpenses": "115300000",
            "investmentIncomeNet": "None",
            "netInterestIncome": "-28700000",
            "interestIncome": "28700000",
            "interestExpense": "28700000",
            "nonInterestIncome": "1008800000",
            "otherNonOperatingIncome": "9600000",
            "depreciation": "42800000",
            "depreciationAndAmortization": "3300000",
            "incomeBeforeTax": "79800000",
            "incomeTaxExpense": "14300000",
            "interestAndDebtExpense": "5400000",
            "netIncomeFromContinuingOperations": "65500000",
            "comprehensiveIncomeNetOfTax": "72200000",
            "ebit": "98900000",
            "ebitda": "102200000",
            "netIncome": "65500000"
        },
        {
            "fiscalDateEnding": "2021-02-28",
            "reportedCurrency": "USD",
            "grossProfit": "196700000",
            "totalRevenue": "895800000",
            "costOfRevenue": "796700000",
            "costofGoodsAndServicesSold": "699100000",
            "operatingIncome": "100600000",
            "sellingGeneralAndAdministrative": "96100000",
            "researchAndDevelopment": "None",
            "operatingExpenses": "97600000",
            "investmentIncomeNet": "None",
            "netInterestIncome": "-29300000",
            "interestIncome": "29300000",
            "interestExpense": "29300000",
            "nonInterestIncome": "895800000",
            "otherNonOperatingIncome": "11100000",
            "depreciation": "44800000",
            "depreciationAndAmortization": "1500000",
            "incomeBeforeTax": "82400000",
            "incomeTaxExpense": "16300000",
            "interestAndDebtExpense": "0",
            "netIncomeFromContinuingOperations": "66100000",
            "comprehensiveIncomeNetOfTax": "81900000",
            "ebit": "100600000",
            "ebitda": "102100000",
            "netIncome": "66100000"
        },
        {
            "fiscalDateEnding": "2020-11-29",
            "reportedCurrency": "USD",
            "grossProfit": "223500000",
            "totalRevenue": "896100000",
            "costOfRevenue": "757900000",
            "costofGoodsAndServicesSold": "672600000",
            "operatingIncome": "139600000",
            "sellingGeneralAndAdministrative": "83900000",
            "researchAndDevelopment": "None",
            "operatingExpenses": "85300000",
            "investmentIncomeNet": "None",
            "netInterestIncome": "-30000000",
            "interestIncome": "30000000",
            "interestExpense": "30000000",
            "nonInterestIncome": "896100000",
            "otherNonOperatingIncome": "19200000",
            "depreciation": "45200000",
            "depreciationAndAmortization": "1400000",
            "incomeBeforeTax": "128800000",
            "incomeTaxExpense": "31900000",
            "interestAndDebtExpense": "None",
            "netIncomeFromContinuingOperations": "96900000",
            "comprehensiveIncomeNetOfTax": "104900000",
            "ebit": "139600000",
            "ebitda": "141000000",
            "netIncome": "96900000"
        },
        {
            "fiscalDateEnding": "2020-08-30",
            "reportedCurrency": "USD",
            "grossProfit": "213800000",
            "totalRevenue": "871500000",
            "costOfRevenue": "736500000",
            "costofGoodsAndServicesSold": "657700000",
            "operatingIncome": "135700000",
            "sellingGeneralAndAdministrative": "78100000",
            "researchAndDevelopment": "None",
            "operatingExpenses": "78800000",
            "investmentIncomeNet": "None",
            "netInterestIncome": "-30300000",
            "interestIncome": "30300000",
            "interestExpense": "30300000",
            "nonInterestIncome": "871500000",
            "otherNonOperatingIncome": "11900000",
            "depreciation": "44900000",
            "depreciationAndAmortization": "700000",
            "incomeBeforeTax": "117300000",
            "incomeTaxExpense": "28000000",
            "interestAndDebtExpense": "None",
            "netIncomeFromContinuingOperations": "89300000",
            "comprehensiveIncomeNetOfTax": "128800000",
            "ebit": "135700000",
            "ebitda": "136400000",
            "netIncome": "89300000"
        },
        {
            "fiscalDateEnding": "2020-05-31",
            "reportedCurrency": "USD",
            "grossProfit": "111100000",
            "totalRevenue": "846900000",
            "costOfRevenue": "817400000",
            "costofGoodsAndServicesSold": "735800000",
            "operatingIncome": "30900000",
            "sellingGeneralAndAdministrative": "80200000",
            "researchAndDevelopment": "None",
            "operatingExpenses": "97000000",
            "investmentIncomeNet": "None",
            "netInterestIncome": "-6300000",
            "interestIncome": "29200000",
            "interestExpense": "6300000",
            "nonInterestIncome": "846900000",
            "otherNonOperatingIncome": "None",
            "depreciation": "44600000",
            "depreciationAndAmortization": "1400000",
            "incomeBeforeTax": "-4400000",
            "incomeTaxExpense": "-2800000",
            "interestAndDebtExpense": "6300000",
            "netIncomeFromContinuingOperations": "4500000",
            "comprehensiveIncomeNetOfTax": "-1500000",
            "ebit": "30900000",
            "ebitda": "3300000",
            "netIncome": "-1600000"
        },
        {
            "fiscalDateEnding": "2020-02-23",
            "reportedCurrency": "USD",
            "grossProfit": "250400000",
            "totalRevenue": "938000000",
            "costOfRevenue": "776300000",
            "costofGoodsAndServicesSold": "686900000",
            "operatingIncome": "162500000",
            "sellingGeneralAndAdministrative": "87900000",
            "researchAndDevelopment": "None",
            "operatingExpenses": "89400000",
            "investmentIncomeNet": "None",
            "netInterestIncome": "-100000",
            "interestIncome": "25200000",
            "interestExpense": "100000",
            "nonInterestIncome": "937300000",
            "otherNonOperatingIncome": "9800000",
            "depreciation": "44200000",
            "depreciationAndAmortization": "1500000",
            "incomeBeforeTax": "147100000",
            "incomeTaxExpense": "35700000",
            "interestAndDebtExpense": "100000",
            "netIncomeFromContinuingOperations": "111400000",
            "comprehensiveIncomeNetOfTax": "104300000",
            "ebit": "162500000",
            "ebitda": "148700000",
            "netIncome": "111400000"
        },
        {
            "fiscalDateEnding": "2019-11-24",
            "reportedCurrency": "USD",
            "grossProfit": "285100000",
            "totalRevenue": "1019000000",
            "costOfRevenue": "827300000",
            "costofGoodsAndServicesSold": "734100000",
            "operatingIncome": "193500000",
            "sellingGeneralAndAdministrative": "91600000",
            "researchAndDevelopment": "None",
            "operatingExpenses": "93200000",
            "investmentIncomeNet": "None",
            "netInterestIncome": "-200000",
            "interestIncome": "25400000",
            "interestExpense": "200000",
            "nonInterestIncome": "1019200000",
            "otherNonOperatingIncome": "15000000",
            "depreciation": "43900000",
            "depreciationAndAmortization": "1600000",
            "incomeBeforeTax": "183100000",
            "incomeTaxExpense": "42700000",
            "interestAndDebtExpense": "200000",
            "netIncomeFromContinuingOperations": "140400000",
            "comprehensiveIncomeNetOfTax": "141100000",
            "ebit": "193500000",
            "ebitda": "184900000",
            "netIncome": "140400000"
        },
        {
            "fiscalDateEnding": "2019-08-25",
            "reportedCurrency": "USD",
            "grossProfit": "248600000",
            "totalRevenue": "988800000",
            "costOfRevenue": "820200000",
            "costofGoodsAndServicesSold": "740400000",
            "operatingIncome": "170000000",
            "sellingGeneralAndAdministrative": "78600000",
            "researchAndDevelopment": "None",
            "operatingExpenses": "79800000",
            "investmentIncomeNet": "None",
            "netInterestIncome": "-200000",
            "interestIncome": "28200000",
            "interestExpense": "200000",
            "nonInterestIncome": "989000000",
            "otherNonOperatingIncome": "10600000",
            "depreciation": "42600000",
            "depreciationAndAmortization": "1200000",
            "incomeBeforeTax": "152400000",
            "incomeTaxExpense": "36700000",
            "interestAndDebtExpense": "200000",
            "netIncomeFromContinuingOperations": "115700000",
            "comprehensiveIncomeNetOfTax": "106800000",
            "ebit": "170000000",
            "ebitda": "153800000",
            "netIncome": "115700000"
        },
        {
            "fiscalDateEnding": "2019-05-26",
            "reportedCurrency": "USD",
            "grossProfit": "250500000",
            "totalRevenue": "1003400000",
            "costOfRevenue": "856000000",
            "costofGoodsAndServicesSold": "752900000",
            "operatingIncome": "148000000",
            "sellingGeneralAndAdministrative": "102500000",
            "researchAndDevelopment": "15400000",
            "operatingExpenses": "118500000",
            "investmentIncomeNet": "None",
            "netInterestIncome": "-27100000",
            "interestIncome": "27100000",
            "interestExpense": "27100000",
            "nonInterestIncome": "1003400000",
            "otherNonOperatingIncome": "None",
            "depreciation": "43100000",
            "depreciationAndAmortization": "600000",
            "incomeBeforeTax": "136100000",
            "incomeTaxExpense": "25700000",
            "interestAndDebtExpense": "None",
            "netIncomeFromContinuingOperations": "95200000",
            "comprehensiveIncomeNetOfTax": "98400000",
            "ebit": "148000000",
            "ebitda": "148600000",
            "netIncome": "110400000"
        },
        {
            "fiscalDateEnding": "2019-02-24",
            "reportedCurrency": "USD",
            "grossProfit": "273400000",
            "totalRevenue": "926800000",
            "costOfRevenue": "733500000",
            "costofGoodsAndServicesSold": "653400000",
            "operatingIncome": "193800000",
            "sellingGeneralAndAdministrative": "79600000",
            "researchAndDevelopment": "15400000",
            "operatingExpenses": "80100000",
            "investmentIncomeNet": "None",
            "netInterestIncome": "-27000000",
            "interestIncome": "None",
            "interestExpense": "27000000",
            "nonInterestIncome": "926800000",
            "otherNonOperatingIncome": "14200000",
            "depreciation": "38700000",
            "depreciationAndAmortization": "500000",
            "incomeBeforeTax": "181000000",
            "incomeTaxExpense": "39600000",
            "interestAndDebtExpense": "None",
            "netIncomeFromContinuingOperations": "141400000",
            "comprehensiveIncomeNetOfTax": "144000000",
            "ebit": "193800000",
            "ebitda": "194300000",
            "netIncome": "141400000"
        },
        {
            "fiscalDateEnding": "2018-11-25",
            "reportedCurrency": "USD",
            "grossProfit": "249000000",
            "totalRevenue": "911400000",
            "costOfRevenue": "737900000",
            "costofGoodsAndServicesSold": "662400000",
            "operatingIncome": "174000000",
            "sellingGeneralAndAdministrative": "75000000",
            "researchAndDevelopment": "15400000",
            "operatingExpenses": "75500000",
            "investmentIncomeNet": "None",
            "netInterestIncome": "None",
            "interestIncome": "None",
            "interestExpense": "26200000",
            "nonInterestIncome": "911400000",
            "otherNonOperatingIncome": "10200000",
            "depreciation": "36900000",
            "depreciationAndAmortization": "500000",
            "incomeBeforeTax": "153000000",
            "incomeTaxExpense": "34000000",
            "interestAndDebtExpense": "None",
            "netIncomeFromContinuingOperations": "124000000",
            "comprehensiveIncomeNetOfTax": "111600000",
            "ebit": "174000000",
            "ebitda": "174500000",
            "netIncome": "119000000"
        },
        {
            "fiscalDateEnding": "2018-08-26",
            "reportedCurrency": "USD",
            "grossProfit": "230600000",
            "totalRevenue": "914900000",
            "costOfRevenue": "762900000",
            "costofGoodsAndServicesSold": "684300000",
            "operatingIncome": "152600000",
            "sellingGeneralAndAdministrative": "78000000",
            "researchAndDevelopment": "15400000",
            "operatingExpenses": "78600000",
            "investmentIncomeNet": "None",
            "netInterestIncome": "None",
            "interestIncome": "None",
            "interestExpense": "26800000",
            "nonInterestIncome": "914900000",
            "otherNonOperatingIncome": "19900000",
            "depreciation": "36800000",
            "depreciationAndAmortization": "600000",
            "incomeBeforeTax": "142100000",
            "incomeTaxExpense": "34300000",
            "interestAndDebtExpense": "None",
            "netIncomeFromContinuingOperations": "111400000",
            "comprehensiveIncomeNetOfTax": "103600000",
            "ebit": "152600000",
            "ebitda": "153200000",
            "netIncome": "107800000"
        },
        {
            "fiscalDateEnding": "2018-05-27",
            "reportedCurrency": "USD",
            "grossProfit": "232700000",
            "totalRevenue": "918200000",
            "costOfRevenue": "990300000",
            "costofGoodsAndServicesSold": "685500000",
            "operatingIncome": "133500000",
            "sellingGeneralAndAdministrative": "99200000",
            "researchAndDevelopment": "13500000",
            "operatingExpenses": "110300000",
            "investmentIncomeNet": "None",
            "netInterestIncome": "None",
            "interestIncome": "None",
            "interestExpense": "27700000",
            "nonInterestIncome": "918200000",
            "otherNonOperatingIncome": "None",
            "depreciation": "37400000",
            "depreciationAndAmortization": "600000",
            "incomeBeforeTax": "128100000",
            "incomeTaxExpense": "28100000",
            "interestAndDebtExpense": "None",
            "netIncomeFromContinuingOperations": "77700000",
            "comprehensiveIncomeNetOfTax": "82300000",
            "ebit": "133500000",
            "ebitda": "134100000",
            "netIncome": "100000000"
        },
        {
            "fiscalDateEnding": "2018-02-25",
            "reportedCurrency": "USD",
            "grossProfit": "242300000",
            "totalRevenue": "861800000",
            "costOfRevenue": "619500000",
            "costofGoodsAndServicesSold": "621100000",
            "operatingIncome": "169200000",
            "sellingGeneralAndAdministrative": "73100000",
            "researchAndDevelopment": "13500000",
            "operatingExpenses": "75300000",
            "investmentIncomeNet": "None",
            "netInterestIncome": "None",
            "interestIncome": "None",
            "interestExpense": "28500000",
            "nonInterestIncome": "863400000",
            "otherNonOperatingIncome": "26400000",
            "depreciation": "35800000",
            "depreciationAndAmortization": "600000",
            "incomeBeforeTax": "164300000",
            "incomeTaxExpense": "7500000",
            "interestAndDebtExpense": "None",
            "netIncomeFromContinuingOperations": "159600000",
            "comprehensiveIncomeNetOfTax": "164800000",
            "ebit": "169200000",
            "ebitda": "169800000",
            "netIncome": "156800000"
        }
    ]
}