{
    "symbol": "MA",
    "annualReports": [
        {
            "fiscalDateEnding": "2022-12-31",
            "reportedCurrency": "USD",
            "grossProfit": "12620000000",
            "totalRevenue": "22237000000",
            "costOfRevenue": "9617000000",
            "costofGoodsAndServicesSold": "5263000000",
            "operatingIncome": "12264000000",
            "sellingGeneralAndAdministrative": "8867000000",
            "researchAndDevelopment": "None",
            "operatingExpenses": "9973000000",
            "investmentIncomeNet": "61000000",
            "netInterestIncome": "-471000000",
            "interestIncome": "555000000",
            "interestExpense": "471000000",
            "nonInterestIncome": "-145000000",
            "otherNonOperatingIncome": "23000000",
            "depreciation": "None",
            "depreciationAndAmortization": "750000000",
            "incomeBeforeTax": "11719000000",
            "incomeTaxExpense": "1802000000",
            "interestAndDebtExpense": "471000000",
            "netIncomeFromContinuingOperations": "9785000000",
            "comprehensiveIncomeNetOfTax": "9473000000",
            "ebit": "12264000000",
            "ebitda": "12940000000",
            "netIncome": "9917000000"
        },
        {
            "fiscalDateEnding": "2021-12-31",
            "reportedCurrency": "USD",
            "grossProfit": "10176000000",
            "totalRevenue": "18884000000",
            "costOfRevenue": "8708000000",
            "costofGoodsAndServicesSold": "4489000000",
            "operatingIncome": "10082000000",
            "sellingGeneralAndAdministrative": "7982000000",
            "researchAndDevelopment": "None",
            "operatingExpenses": "8802000000",
            "investmentIncomeNet": "11000000",
            "netInterestIncome": "-431000000",
            "interestIncome": "225000000",
            "interestExpense": "431000000",
            "nonInterestIncome": "30490000000",
            "otherNonOperatingIncome": "0",
            "depreciation": "None",
            "depreciationAndAmortization": "726000000",
            "incomeBeforeTax": "10298000000",
            "incomeTaxExpense": "1620000000",
            "interestAndDebtExpense": "431000000",
            "netIncomeFromContinuingOperations": "9332000000",
            "comprehensiveIncomeNetOfTax": "8549000000",
            "ebit": "10082000000",
            "ebitda": "11455000000",
            "netIncome": "8678000000"
        },
        {
            "fiscalDateEnding": "2020-12-31",
            "reportedCurrency": "USD",
            "grossProfit": "8154000000",
            "totalRevenue": "15301000000",
            "costOfRevenue": "7147000000",
            "costofGoodsAndServicesSold": "3787000000",
            "operatingIncome": "8081000000",
            "sellingGeneralAndAdministrative": "6567000000",
            "researchAndDevelopment": "None",
            "operatingExpenses": "7220000000",
            "investmentIncomeNet": "24000000",
            "netInterestIncome": "-380000000",
            "interestIncome": "326000000",
            "interestExpense": "380000000",
            "nonInterestIncome": "23646000000",
            "otherNonOperatingIncome": "5000000",
            "depreciation": "None",
            "depreciationAndAmortization": "580000000",
            "incomeBeforeTax": "7833000000",
            "incomeTaxExpense": "1349000000",
            "interestAndDebtExpense": "380000000",
            "netIncomeFromContinuingOperations": "6441000000",
            "comprehensiveIncomeNetOfTax": "6477000000",
            "ebit": "8081000000",
            "ebitda": "8793000000",
            "netIncome": "6484000000"
        },
        {
            "fiscalDateEnding": "2019-12-31",
            "reportedCurrency": "USD",
            "grossProfit": "9664000000",
            "totalRevenue": "16883000000",
            "costOfRevenue": "7219000000",
            "costofGoodsAndServicesSold": "3537000000",
            "operatingIncome": "9664000000",
            "sellingGeneralAndAdministrative": "6697000000",
            "researchAndDevelopment": "None",
            "operatingExpenses": "7219000000",
            "investmentIncomeNet": "97000000",
            "netInterestIncome": "-224000000",
            "interestIncome": "40000000",
            "interestExpense": "224000000",
            "nonInterestIncome": "25147000000",
            "otherNonOperatingIncome": "27000000",
            "depreciation": "None",
            "depreciationAndAmortization": "522000000",
            "incomeBeforeTax": "9732000000",
            "incomeTaxExpense": "1613000000",
            "interestAndDebtExpense": "224000000",
            "netIncomeFromContinuingOperations": "8285000000",
            "comprehensiveIncomeNetOfTax": "8164000000",
            "ebit": "9664000000",
            "ebitda": "10478000000",
            "netIncome": "8119000000"
        },
        {
            "fiscalDateEnding": "2018-12-31",
            "reportedCurrency": "USD",
            "grossProfit": "8410000000",
            "totalRevenue": "14950000000",
            "costOfRevenue": "6540000000",
            "costofGoodsAndServicesSold": "3214000000",
            "operatingIncome": "7282000000",
            "sellingGeneralAndAdministrative": "6081000000",
            "researchAndDevelopment": "None",
            "operatingExpenses": "7668000000",
            "investmentIncomeNet": "122000000",
            "netInterestIncome": "-186000000",
            "interestIncome": "64000000",
            "interestExpense": "186000000",
            "nonInterestIncome": "21831000000",
            "otherNonOperatingIncome": "-14000000",
            "depreciation": "None",
            "depreciationAndAmortization": "459000000",
            "incomeBeforeTax": "7198000000",
            "incomeTaxExpense": "1345000000",
            "interestAndDebtExpense": "186000000",
            "netIncomeFromContinuingOperations": "5859000000",
            "comprehensiveIncomeNetOfTax": "5632000000",
            "ebit": "7282000000",
            "ebitda": "7843000000",
            "netIncome": "5853000000"
        }
    ],
    "quarterlyReports": [
        {
            "fiscalDateEnding": "2022-12-31",
            "reportedCurrency": "USD",
            "grossProfit": "3199000000",
            "totalRevenue": "5817000000",
            "costOfRevenue": "2618000000",
            "costofGoodsAndServicesSold": "1381000000",
            "operatingIncome": "3184000000",
            "sellingGeneralAndAdministrative": "2434000000",
            "researchAndDevelopment": "None",
            "operatingExpenses": "2633000000",
            "investmentIncomeNet": "33000000",
            "netInterestIncome": "-127000000",
            "interestIncome": "106000000",
            "interestExpense": "127000000",
            "nonInterestIncome": "-25908000000",
            "otherNonOperatingIncome": "11000000",
            "depreciation": "None",
            "depreciationAndAmortization": "184000000",
            "incomeBeforeTax": "3085000000",
            "incomeTaxExpense": "564000000",
            "interestAndDebtExpense": "127000000",
            "netIncomeFromContinuingOperations": "2513000000",
            "comprehensiveIncomeNetOfTax": "2885000000",
            "ebit": "3184000000",
            "ebitda": "3396000000",
            "netIncome": "2521000000"
        },
        {
            "fiscalDateEnding": "2022-09-30",
            "reportedCurrency": "USD",
            "grossProfit": "3320000000",
            "totalRevenue": "5756000000",
            "costOfRevenue": "2436000000",
            "costofGoodsAndServicesSold": "1382000000",
            "operatingIncome": "3112000000",
            "sellingGeneralAndAdministrative": "2251000000",
            "researchAndDevelopment": "None",
            "operatingExpenses": "2644000000",
            "investmentIncomeNet": "16000000",
            "netInterestIncome": "-120000000",
            "interestIncome": "44000000",
            "interestExpense": "120000000",
            "nonInterestIncome": "9167000000",
            "otherNonOperatingIncome": "4000000",
            "depreciation": "None",
            "depreciationAndAmortization": "185000000",
            "incomeBeforeTax": "3069000000",
            "incomeTaxExpense": "573000000",
            "interestAndDebtExpense": "120000000",
            "netIncomeFromContinuingOperations": "2499000000",
            "comprehensiveIncomeNetOfTax": "2111000000",
            "ebit": "3112000000",
            "ebitda": "3374000000",
            "netIncome": "2496000000"
        },
        {
            "fiscalDateEnding": "2022-06-30",
            "reportedCurrency": "USD",
            "grossProfit": "3151000000",
            "totalRevenue": "5497000000",
            "costOfRevenue": "2346000000",
            "costofGoodsAndServicesSold": "1319000000",
            "operatingIncome": "3018000000",
            "sellingGeneralAndAdministrative": "2157000000",
            "researchAndDevelopment": "None",
            "operatingExpenses": "2479000000",
            "investmentIncomeNet": "7000000",
            "netInterestIncome": "-114000000",
            "interestIncome": "224000000",
            "interestExpense": "114000000",
            "nonInterestIncome": "8704000000",
            "otherNonOperatingIncome": "4000000",
            "depreciation": "None",
            "depreciationAndAmortization": "189000000",
            "incomeBeforeTax": "2795000000",
            "incomeTaxExpense": "523000000",
            "interestAndDebtExpense": "114000000",
            "netIncomeFromContinuingOperations": "2275000000",
            "comprehensiveIncomeNetOfTax": "1838000000",
            "ebit": "3018000000",
            "ebitda": "3098000000",
            "netIncome": "2272000000"
        },
        {
            "fiscalDateEnding": "2022-03-31",
            "reportedCurrency": "USD",
            "grossProfit": "2950000000",
            "totalRevenue": "5167000000",
            "costOfRevenue": "2217000000",
            "costofGoodsAndServicesSold": "1181000000",
            "operatingIncome": "2950000000",
            "sellingGeneralAndAdministrative": "2025000000",
            "researchAndDevelopment": "None",
            "operatingExpenses": "2217000000",
            "investmentIncomeNet": "5000000",
            "netInterestIncome": "-110000000",
            "interestIncome": "181000000",
            "interestExpense": "110000000",
            "nonInterestIncome": "7949000000",
            "otherNonOperatingIncome": "4000000",
            "depreciation": "None",
            "depreciationAndAmortization": "192000000",
            "incomeBeforeTax": "2770000000",
            "incomeTaxExpense": "142000000",
            "interestAndDebtExpense": "110000000",
            "netIncomeFromContinuingOperations": "2555000000",
            "comprehensiveIncomeNetOfTax": "2639000000",
            "ebit": "2950000000",
            "ebitda": "3072000000",
            "netIncome": "2628000000"
        },
        {
            "fiscalDateEnding": "2021-12-31",
            "reportedCurrency": "USD",
            "grossProfit": "2827000000",
            "totalRevenue": "5216000000",
            "costOfRevenue": "2389000000",
            "costofGoodsAndServicesSold": "1089000000",
            "operatingIncome": "2827000000",
            "sellingGeneralAndAdministrative": "2200000000",
            "researchAndDevelopment": "None",
            "operatingExpenses": "2389000000",
            "investmentIncomeNet": "2000000",
            "netInterestIncome": "-108000000",
            "interestIncome": "5000000",
            "interestExpense": "108000000",
            "nonInterestIncome": "8483000000",
            "otherNonOperatingIncome": "-9000000",
            "depreciation": "None",
            "depreciationAndAmortization": "189000000",
            "incomeBeforeTax": "2824000000",
            "incomeTaxExpense": "444000000",
            "interestAndDebtExpense": "108000000",
            "netIncomeFromContinuingOperations": "2490000000",
            "comprehensiveIncomeNetOfTax": "2362000000",
            "ebit": "2827000000",
            "ebitda": "3121000000",
            "netIncome": "2380000000"
        },
        {
            "fiscalDateEnding": "2021-09-30",
            "reportedCurrency": "USD",
            "grossProfit": "2744000000",
            "totalRevenue": "4985000000",
            "costOfRevenue": "2241000000",
            "costofGoodsAndServicesSold": "1166000000",
            "operatingIncome": "2717000000",
            "sellingGeneralAndAdministrative": "2053000000",
            "researchAndDevelopment": "None",
            "operatingExpenses": "2268000000",
            "investmentIncomeNet": "5000000",
            "netInterestIncome": "-110000000",
            "interestIncome": "92000000",
            "interestExpense": "110000000",
            "nonInterestIncome": "7826000000",
            "otherNonOperatingIncome": "7000000",
            "depreciation": "None",
            "depreciationAndAmortization": "188000000",
            "incomeBeforeTax": "2805000000",
            "incomeTaxExpense": "402000000",
            "interestAndDebtExpense": "110000000",
            "netIncomeFromContinuingOperations": "2414000000",
            "comprehensiveIncomeNetOfTax": "2265000000",
            "ebit": "2717000000",
            "ebitda": "3103000000",
            "netIncome": "2403000000"
        },
        {
            "fiscalDateEnding": "2021-06-30",
            "reportedCurrency": "USD",
            "grossProfit": "2408000000",
            "totalRevenue": "4528000000",
            "costOfRevenue": "2120000000",
            "costofGoodsAndServicesSold": "1130000000",
            "operatingIncome": "2341000000",
            "sellingGeneralAndAdministrative": "1934000000",
            "researchAndDevelopment": "None",
            "operatingExpenses": "2187000000",
            "investmentIncomeNet": "3000000",
            "netInterestIncome": "-106000000",
            "interestIncome": "140000000",
            "interestExpense": "106000000",
            "nonInterestIncome": "7219000000",
            "otherNonOperatingIncome": "-3000000",
            "depreciation": "None",
            "depreciationAndAmortization": "186000000",
            "incomeBeforeTax": "2478000000",
            "incomeTaxExpense": "412000000",
            "interestAndDebtExpense": "106000000",
            "netIncomeFromContinuingOperations": "2066000000",
            "comprehensiveIncomeNetOfTax": "2151000000",
            "ebit": "2341000000",
            "ebitda": "2770000000",
            "netIncome": "2066000000"
        },
        {
            "fiscalDateEnding": "2021-03-31",
            "reportedCurrency": "USD",
            "grossProfit": "2197000000",
            "totalRevenue": "4155000000",
            "costOfRevenue": "1958000000",
            "costofGoodsAndServicesSold": "1104000000",
            "operatingIncome": "2197000000",
            "sellingGeneralAndAdministrative": "1795000000",
            "researchAndDevelopment": "None",
            "operatingExpenses": "1958000000",
            "investmentIncomeNet": "1000000",
            "netInterestIncome": "-107000000",
            "interestIncome": "12000000",
            "interestExpense": "107000000",
            "nonInterestIncome": "6522000000",
            "otherNonOperatingIncome": "5000000",
            "depreciation": "None",
            "depreciationAndAmortization": "163000000",
            "incomeBeforeTax": "2191000000",
            "incomeTaxExpense": "362000000",
            "interestAndDebtExpense": "107000000",
            "netIncomeFromContinuingOperations": "1922000000",
            "comprehensiveIncomeNetOfTax": "1771000000",
            "ebit": "2197000000",
            "ebitda": "2461000000",
            "netIncome": "1829000000"
        },
        {
            "fiscalDateEnding": "2020-12-31",
            "reportedCurrency": "USD",
            "grossProfit": "2103000000",
            "totalRevenue": "4120000000",
            "costOfRevenue": "2017000000",
            "costofGoodsAndServicesSold": "970000000",
            "operatingIncome": "2058000000",
            "sellingGeneralAndAdministrative": "1867000000",
            "researchAndDevelopment": "None",
            "operatingExpenses": "2062000000",
            "investmentIncomeNet": "-3000000",
            "netInterestIncome": "-105000000",
            "interestIncome": "112000000",
            "interestExpense": "105000000",
            "nonInterestIncome": "6646000000",
            "otherNonOperatingIncome": "-2000000",
            "depreciation": "None",
            "depreciationAndAmortization": "150000000",
            "incomeBeforeTax": "2205000000",
            "incomeTaxExpense": "383000000",
            "interestAndDebtExpense": "105000000",
            "netIncomeFromContinuingOperations": "2005000000",
            "comprehensiveIncomeNetOfTax": "2022000000",
            "ebit": "2058000000",
            "ebitda": "2460000000",
            "netIncome": "1822000000"
        },
        {
            "fiscalDateEnding": "2020-09-30",
            "reportedCurrency": "USD",
            "grossProfit": "2105000000",
            "totalRevenue": "3837000000",
            "costOfRevenue": "1732000000",
            "costofGoodsAndServicesSold": "940000000",
            "operatingIncome": "2105000000",
            "sellingGeneralAndAdministrative": "1591000000",
            "researchAndDevelopment": "None",
            "operatingExpenses": "1732000000",
            "investmentIncomeNet": "3000000",
            "netInterestIncome": "-105000000",
            "interestIncome": "193000000",
            "interestExpense": "105000000",
            "nonInterestIncome": "5935000000",
            "otherNonOperatingIncome": "3000000",
            "depreciation": "None",
            "depreciationAndAmortization": "141000000",
            "incomeBeforeTax": "1947000000",
            "incomeTaxExpense": "402000000",
            "interestAndDebtExpense": "105000000",
            "netIncomeFromContinuingOperations": "1513000000",
            "comprehensiveIncomeNetOfTax": "1711000000",
            "ebit": "2105000000",
            "ebitda": "2193000000",
            "netIncome": "1545000000"
        },
        {
            "fiscalDateEnding": "2020-06-30",
            "reportedCurrency": "USD",
            "grossProfit": "1729000000",
            "totalRevenue": "3335000000",
            "costOfRevenue": "1606000000",
            "costofGoodsAndServicesSold": "915000000",
            "operatingIncome": "1707000000",
            "sellingGeneralAndAdministrative": "1461000000",
            "researchAndDevelopment": "None",
            "operatingExpenses": "1628000000",
            "investmentIncomeNet": "8000000",
            "netInterestIncome": "-101000000",
            "interestIncome": "18000000",
            "interestExpense": "101000000",
            "nonInterestIncome": "5093000000",
            "otherNonOperatingIncome": "1000000",
            "depreciation": "None",
            "depreciationAndAmortization": "145000000",
            "incomeBeforeTax": "1693000000",
            "incomeTaxExpense": "270000000",
            "interestAndDebtExpense": "101000000",
            "netIncomeFromContinuingOperations": "1420000000",
            "comprehensiveIncomeNetOfTax": "1456000000",
            "ebit": "1707000000",
            "ebitda": "1939000000",
            "netIncome": "1423000000"
        },
        {
            "fiscalDateEnding": "2020-03-31",
            "reportedCurrency": "USD",
            "grossProfit": "2217000000",
            "totalRevenue": "4009000000",
            "costOfRevenue": "1792000000",
            "costofGoodsAndServicesSold": "962000000",
            "operatingIncome": "2211000000",
            "sellingGeneralAndAdministrative": "1648000000",
            "researchAndDevelopment": "None",
            "operatingExpenses": "1798000000",
            "investmentIncomeNet": "16000000",
            "netInterestIncome": "-69000000",
            "interestIncome": "227000000",
            "interestExpense": "69000000",
            "nonInterestIncome": "5988000000",
            "otherNonOperatingIncome": "3000000",
            "depreciation": "None",
            "depreciationAndAmortization": "144000000",
            "incomeBeforeTax": "1988000000",
            "incomeTaxExpense": "294000000",
            "interestAndDebtExpense": "69000000",
            "netIncomeFromContinuingOperations": "1519000000",
            "comprehensiveIncomeNetOfTax": "1288000000",
            "ebit": "2211000000",
            "ebitda": "2201000000",
            "netIncome": "1694000000"
        },
        {
            "fiscalDateEnding": "2019-12-31",
            "reportedCurrency": "USD",
            "grossProfit": "4414000000",
            "totalRevenue": "4414000000",
            "costOfRevenue": "2015000000",
            "costofGoodsAndServicesSold": "936000000",
            "operatingIncome": "2399000000",
            "sellingGeneralAndAdministrative": "1869000000",
            "researchAndDevelopment": "None",
            "operatingExpenses": "2015000000",
            "investmentIncomeNet": "20000000",
            "netInterestIncome": "-64000000",
            "interestIncome": "75000000",
            "interestExpense": "64000000",
            "nonInterestIncome": "6889000000",
            "otherNonOperatingIncome": "1000000",
            "depreciation": "None",
            "depreciationAndAmortization": "146000000",
            "incomeBeforeTax": "2475000000",
            "incomeTaxExpense": "375000000",
            "interestAndDebtExpense": "64000000",
            "netIncomeFromContinuingOperations": "2399000000",
            "comprehensiveIncomeNetOfTax": "2100000000",
            "ebit": "2399000000",
            "ebitda": "2685000000",
            "netIncome": "2100000000"
        },
        {
            "fiscalDateEnding": "2019-09-30",
            "reportedCurrency": "USD",
            "grossProfit": "2655000000",
            "totalRevenue": "4467000000",
            "costOfRevenue": "1812000000",
            "costofGoodsAndServicesSold": "937000000",
            "operatingIncome": "2655000000",
            "sellingGeneralAndAdministrative": "1675000000",
            "researchAndDevelopment": "None",
            "operatingExpenses": "1812000000",
            "investmentIncomeNet": "26000000",
            "netInterestIncome": "-63000000",
            "interestIncome": "137000000",
            "interestExpense": "63000000",
            "nonInterestIncome": "6557000000",
            "otherNonOperatingIncome": "16000000",
            "depreciation": "None",
            "depreciationAndAmortization": "137000000",
            "incomeBeforeTax": "2533000000",
            "incomeTaxExpense": "426000000",
            "interestAndDebtExpense": "63000000",
            "netIncomeFromContinuingOperations": "2108000000",
            "comprehensiveIncomeNetOfTax": "1979000000",
            "ebit": "2655000000",
            "ebitda": "2733000000",
            "netIncome": "2107000000"
        },
        {
            "fiscalDateEnding": "2019-06-30",
            "reportedCurrency": "USD",
            "grossProfit": "2397000000",
            "totalRevenue": "4113000000",
            "costOfRevenue": "1716000000",
            "costofGoodsAndServicesSold": "853000000",
            "operatingIncome": "2397000000",
            "sellingGeneralAndAdministrative": "1594000000",
            "researchAndDevelopment": "None",
            "operatingExpenses": "1716000000",
            "investmentIncomeNet": "24000000",
            "netInterestIncome": "-51000000",
            "interestIncome": "116000000",
            "interestExpense": "51000000",
            "nonInterestIncome": "6069000000",
            "otherNonOperatingIncome": "6000000",
            "depreciation": "None",
            "depreciationAndAmortization": "122000000",
            "incomeBeforeTax": "2524000000",
            "incomeTaxExpense": "471000000",
            "interestAndDebtExpense": "51000000",
            "netIncomeFromContinuingOperations": "2048000000",
            "comprehensiveIncomeNetOfTax": "1996000000",
            "ebit": "2397000000",
            "ebitda": "2697000000",
            "netIncome": "2053000000"
        },
        {
            "fiscalDateEnding": "2019-03-31",
            "reportedCurrency": "USD",
            "grossProfit": "2213000000",
            "totalRevenue": "3889000000",
            "costOfRevenue": "1676000000",
            "costofGoodsAndServicesSold": "811000000",
            "operatingIncome": "2213000000",
            "sellingGeneralAndAdministrative": "1559000000",
            "researchAndDevelopment": "None",
            "operatingExpenses": "1676000000",
            "investmentIncomeNet": "27000000",
            "netInterestIncome": "-46000000",
            "interestIncome": "14000000",
            "interestExpense": "46000000",
            "nonInterestIncome": "5632000000",
            "otherNonOperatingIncome": "4000000",
            "depreciation": "None",
            "depreciationAndAmortization": "117000000",
            "incomeBeforeTax": "2202000000",
            "incomeTaxExpense": "341000000",
            "interestAndDebtExpense": "46000000",
            "netIncomeFromContinuingOperations": "1862000000",
            "comprehensiveIncomeNetOfTax": "1906000000",
            "ebit": "2213000000",
            "ebitda": "2365000000",
            "netIncome": "1861000000"
        },
        {
            "fiscalDateEnding": "2018-12-31",
            "reportedCurrency": "USD",
            "grossProfit": "3807000000",
            "totalRevenue": "3807000000",
            "costOfRevenue": "1816000000",
            "costofGoodsAndServicesSold": "843000000",
            "operatingIncome": "1234000000",
            "sellingGeneralAndAdministrative": "1703000000",
            "researchAndDevelopment": "None",
            "operatingExpenses": "2573000000",
            "investmentIncomeNet": "43000000",
            "netInterestIncome": "-47000000",
            "interestIncome": "None",
            "interestExpense": "47000000",
            "nonInterestIncome": "5778000000",
            "otherNonOperatingIncome": "-15000000",
            "depreciation": "None",
            "depreciationAndAmortization": "113000000",
            "incomeBeforeTax": "1215000000",
            "incomeTaxExpense": "316000000",
            "interestAndDebtExpense": "47000000",
            "netIncomeFromContinuingOperations": "1234000000",
            "comprehensiveIncomeNetOfTax": "899000000",
            "ebit": "1234000000",
            "ebitda": "1375000000",
            "netIncome": "899000000"
        },
        {
            "fiscalDateEnding": "2018-09-30",
            "reportedCurrency": "USD",
            "grossProfit": "2316000000",
            "totalRevenue": "3898000000",
            "costOfRevenue": "1582000000",
            "costofGoodsAndServicesSold": "822000000",
            "operatingIncome": "2287000000",
            "sellingGeneralAndAdministrative": "1471000000",
            "researchAndDevelopment": "None",
            "operatingExpenses": "1611000000",
            "investmentIncomeNet": "31000000",
            "netInterestIncome": "-48000000",
            "interestIncome": "None",
            "interestExpense": "48000000",
            "nonInterestIncome": "5633000000",
            "otherNonOperatingIncome": "-6000000",
            "depreciation": "None",
            "depreciationAndAmortization": "111000000",
            "incomeBeforeTax": "2264000000",
            "incomeTaxExpense": "365000000",
            "interestAndDebtExpense": "48000000",
            "netIncomeFromContinuingOperations": "1899000000",
            "comprehensiveIncomeNetOfTax": "1861000000",
            "ebit": "2287000000",
            "ebitda": "2423000000",
            "netIncome": "1899000000"
        },
        {
            "fiscalDateEnding": "2018-06-30",
            "reportedCurrency": "USD",
            "grossProfit": "7463000000",
            "totalRevenue": "3665000000",
            "costOfRevenue": "1504000000",
            "costofGoodsAndServicesSold": "797000000",
            "operatingIncome": "1936000000",
            "sellingGeneralAndAdministrative": "1389000000",
            "researchAndDevelopment": "None",
            "operatingExpenses": "1729000000",
            "investmentIncomeNet": "31000000",
            "netInterestIncome": "-48000000",
            "interestIncome": "None",
            "interestExpense": "48000000",
            "nonInterestIncome": "5350000000",
            "otherNonOperatingIncome": "3000000",
            "depreciation": "None",
            "depreciationAndAmortization": "115000000",
            "incomeBeforeTax": "1922000000",
            "incomeTaxExpense": "353000000",
            "interestAndDebtExpense": "48000000",
            "netIncomeFromContinuingOperations": "1569000000",
            "comprehensiveIncomeNetOfTax": "1310000000",
            "ebit": "1936000000",
            "ebitda": "2085000000",
            "netIncome": "1569000000"
        },
        {
            "fiscalDateEnding": "2018-03-31",
            "reportedCurrency": "USD",
            "grossProfit": "6969000000",
            "totalRevenue": "3580000000",
            "costOfRevenue": "1638000000",
            "costofGoodsAndServicesSold": "752000000",
            "operatingIncome": "1825000000",
            "sellingGeneralAndAdministrative": "1518000000",
            "researchAndDevelopment": "None",
            "operatingExpenses": "1755000000",
            "investmentIncomeNet": "17000000",
            "netInterestIncome": "-43000000",
            "interestIncome": "None",
            "interestExpense": "43000000",
            "nonInterestIncome": "5070000000",
            "otherNonOperatingIncome": "4000000",
            "depreciation": "None",
            "depreciationAndAmortization": "120000000",
            "incomeBeforeTax": "1802000000",
            "incomeTaxExpense": "311000000",
            "interestAndDebtExpense": "43000000",
            "netIncomeFromContinuingOperations": "1492000000",
            "comprehensiveIncomeNetOfTax": "1615000000",
            "ebit": "1825000000",
            "ebitda": "1965000000",
            "netIncome": "1491000000"
        }
    ]
}