{
    "symbol": "MAS",
    "annualReports": [
        {
            "fiscalDateEnding": "2022-12-31",
            "reportedCurrency": "USD",
            "grossProfit": "2713000000",
            "totalRevenue": "8568000000",
            "costOfRevenue": "7434000000",
            "costofGoodsAndServicesSold": "5967000000",
            "operatingIncome": "1297000000",
            "sellingGeneralAndAdministrative": "1390000000",
            "researchAndDevelopment": "None",
            "operatingExpenses": "1468000000",
            "investmentIncomeNet": "None",
            "netInterestIncome": "-108000000",
            "interestIncome": "115000000",
            "interestExpense": "108000000",
            "nonInterestIncome": "8676000000",
            "otherNonOperatingIncome": "4000000",
            "depreciation": "112000000",
            "depreciationAndAmortization": "32000000",
            "incomeBeforeTax": "1132000000",
            "incomeTaxExpense": "288000000",
            "interestAndDebtExpense": "108000000",
            "netIncomeFromContinuingOperations": "844000000",
            "comprehensiveIncomeNetOfTax": "838000000",
            "ebit": "1240000000",
            "ebitda": "1272000000",
            "netIncome": "844000000"
        },
        {
            "fiscalDateEnding": "2021-12-31",
            "reportedCurrency": "USD",
            "grossProfit": "2863000000",
            "totalRevenue": "7915000000",
            "costOfRevenue": "7049000000",
            "costofGoodsAndServicesSold": "5512000000",
            "operatingIncome": "1405000000",
            "sellingGeneralAndAdministrative": "1413000000",
            "researchAndDevelopment": "None",
            "operatingExpenses": "1555000000",
            "investmentIncomeNet": "6000000",
            "netInterestIncome": "-278000000",
            "interestIncome": "82000000",
            "interestExpense": "278000000",
            "nonInterestIncome": "8193000000",
            "otherNonOperatingIncome": "-439000000",
            "depreciation": "111000000",
            "depreciationAndAmortization": "34000000",
            "incomeBeforeTax": "620000000",
            "incomeTaxExpense": "210000000",
            "interestAndDebtExpense": "438000000",
            "netIncomeFromContinuingOperations": "410000000",
            "comprehensiveIncomeNetOfTax": "784000000",
            "ebit": "898000000",
            "ebitda": "932000000",
            "netIncome": "410000000"
        },
        {
            "fiscalDateEnding": "2020-12-31",
            "reportedCurrency": "USD",
            "grossProfit": "2587000000",
            "totalRevenue": "7636000000",
            "costOfRevenue": "5920000000",
            "costofGoodsAndServicesSold": "4601000000",
            "operatingIncome": "1295000000",
            "sellingGeneralAndAdministrative": "1292000000",
            "researchAndDevelopment": "None",
            "operatingExpenses": "717000000",
            "investmentIncomeNet": "10000000",
            "netInterestIncome": "-144000000",
            "interestIncome": "138000000",
            "interestExpense": "144000000",
            "nonInterestIncome": "7780000000",
            "otherNonOperatingIncome": "-20000000",
            "depreciation": "105000000",
            "depreciationAndAmortization": "27000000",
            "incomeBeforeTax": "1493000000",
            "incomeTaxExpense": "269000000",
            "interestAndDebtExpense": "144000000",
            "netIncomeFromContinuingOperations": "810000000",
            "comprehensiveIncomeNetOfTax": "1261000000",
            "ebit": "1637000000",
            "ebitda": "1664000000",
            "netIncome": "1224000000"
        },
        {
            "fiscalDateEnding": "2019-12-31",
            "reportedCurrency": "USD",
            "grossProfit": "2371000000",
            "totalRevenue": "6846000000",
            "costOfRevenue": "5642000000",
            "costofGoodsAndServicesSold": "4336000000",
            "operatingIncome": "1088000000",
            "sellingGeneralAndAdministrative": "1274000000",
            "researchAndDevelopment": "None",
            "operatingExpenses": "1008000000",
            "investmentIncomeNet": "None",
            "netInterestIncome": "-159000000",
            "interestIncome": "153000000",
            "interestExpense": "159000000",
            "nonInterestIncome": "7005000000",
            "otherNonOperatingIncome": "-15000000",
            "depreciation": "132000000",
            "depreciationAndAmortization": "23000000",
            "incomeBeforeTax": "1165000000",
            "incomeTaxExpense": "230000000",
            "interestAndDebtExpense": "161000000",
            "netIncomeFromContinuingOperations": "639000000",
            "comprehensiveIncomeNetOfTax": "883000000",
            "ebit": "1324000000",
            "ebitda": "1347000000",
            "netIncome": "935000000"
        },
        {
            "fiscalDateEnding": "2018-12-31",
            "reportedCurrency": "USD",
            "grossProfit": "2327000000",
            "totalRevenue": "8195000000",
            "costOfRevenue": "7168000000",
            "costofGoodsAndServicesSold": "4327000000",
            "operatingIncome": "1077000000",
            "sellingGeneralAndAdministrative": "1250000000",
            "researchAndDevelopment": "None",
            "operatingExpenses": "1498000000",
            "investmentIncomeNet": "None",
            "netInterestIncome": "-156000000",
            "interestIncome": "155000000",
            "interestExpense": "156000000",
            "nonInterestIncome": "8351000000",
            "otherNonOperatingIncome": "-14000000",
            "depreciation": "132000000",
            "depreciationAndAmortization": "20000000",
            "incomeBeforeTax": "955000000",
            "incomeTaxExpense": "221000000",
            "interestAndDebtExpense": "156000000",
            "netIncomeFromContinuingOperations": "636000000",
            "comprehensiveIncomeNetOfTax": "731000000",
            "ebit": "1111000000",
            "ebitda": "1131000000",
            "netIncome": "734000000"
        }
    ],
    "quarterlyReports": [
        {
            "fiscalDateEnding": "2022-12-31",
            "reportedCurrency": "USD",
            "grossProfit": "545000000",
            "totalRevenue": "1899000000",
            "costOfRevenue": "1789000000",
            "costofGoodsAndServicesSold": "1378000000",
            "operatingIncome": "185000000",
            "sellingGeneralAndAdministrative": "334000000",
            "researchAndDevelopment": "None",
            "operatingExpenses": "412000000",
            "investmentIncomeNet": "None",
            "netInterestIncome": "-26000000",
            "interestIncome": "23000000",
            "interestExpense": "26000000",
            "nonInterestIncome": "1925000000",
            "otherNonOperatingIncome": "0",
            "depreciation": "None",
            "depreciationAndAmortization": "145000000",
            "incomeBeforeTax": "148000000",
            "incomeTaxExpense": "33000000",
            "interestAndDebtExpense": "26000000",
            "netIncomeFromContinuingOperations": "115000000",
            "comprehensiveIncomeNetOfTax": "200000000",
            "ebit": "174000000",
            "ebitda": "318000000",
            "netIncome": "115000000"
        },
        {
            "fiscalDateEnding": "2022-09-30",
            "reportedCurrency": "USD",
            "grossProfit": "695000000",
            "totalRevenue": "2171000000",
            "costOfRevenue": "1853000000",
            "costofGoodsAndServicesSold": "1509000000",
            "operatingIncome": "351000000",
            "sellingGeneralAndAdministrative": "344000000",
            "researchAndDevelopment": "None",
            "operatingExpenses": "344000000",
            "investmentIncomeNet": "None",
            "netInterestIncome": "-29000000",
            "interestIncome": "1000000",
            "interestExpense": "29000000",
            "nonInterestIncome": "2200000000",
            "otherNonOperatingIncome": "-12000000",
            "depreciation": "None",
            "depreciationAndAmortization": "None",
            "incomeBeforeTax": "295000000",
            "incomeTaxExpense": "77000000",
            "interestAndDebtExpense": "29000000",
            "netIncomeFromContinuingOperations": "218000000",
            "comprehensiveIncomeNetOfTax": "179000000",
            "ebit": "324000000",
            "ebitda": "324000000",
            "netIncome": "218000000"
        },
        {
            "fiscalDateEnding": "2022-06-30",
            "reportedCurrency": "USD",
            "grossProfit": "769000000",
            "totalRevenue": "2318000000",
            "costOfRevenue": "1944000000",
            "costofGoodsAndServicesSold": "1583000000",
            "operatingIncome": "408000000",
            "sellingGeneralAndAdministrative": "361000000",
            "researchAndDevelopment": "None",
            "operatingExpenses": "361000000",
            "investmentIncomeNet": "None",
            "netInterestIncome": "-28000000",
            "interestIncome": "1000000",
            "interestExpense": "28000000",
            "nonInterestIncome": "2346000000",
            "otherNonOperatingIncome": "17000000",
            "depreciation": "None",
            "depreciationAndAmortization": "None",
            "incomeBeforeTax": "381000000",
            "incomeTaxExpense": "103000000",
            "interestAndDebtExpense": "28000000",
            "netIncomeFromContinuingOperations": "278000000",
            "comprehensiveIncomeNetOfTax": "232000000",
            "ebit": "409000000",
            "ebitda": "409000000",
            "netIncome": "278000000"
        },
        {
            "fiscalDateEnding": "2022-03-31",
            "reportedCurrency": "USD",
            "grossProfit": "704000000",
            "totalRevenue": "2180000000",
            "costOfRevenue": "1848000000",
            "costofGoodsAndServicesSold": "1497000000",
            "operatingIncome": "353000000",
            "sellingGeneralAndAdministrative": "351000000",
            "researchAndDevelopment": "None",
            "operatingExpenses": "351000000",
            "investmentIncomeNet": "None",
            "netInterestIncome": "-25000000",
            "interestIncome": "0",
            "interestExpense": "25000000",
            "nonInterestIncome": "2205000000",
            "otherNonOperatingIncome": "-1000000",
            "depreciation": "None",
            "depreciationAndAmortization": "None",
            "incomeBeforeTax": "308000000",
            "incomeTaxExpense": "75000000",
            "interestAndDebtExpense": "25000000",
            "netIncomeFromContinuingOperations": "233000000",
            "comprehensiveIncomeNetOfTax": "227000000",
            "ebit": "333000000",
            "ebitda": "334000000",
            "netIncome": "233000000"
        },
        {
            "fiscalDateEnding": "2021-12-31",
            "reportedCurrency": "USD",
            "grossProfit": "619000000",
            "totalRevenue": "1649000000",
            "costOfRevenue": "1883000000",
            "costofGoodsAndServicesSold": "1403000000",
            "operatingIncome": "218000000",
            "sellingGeneralAndAdministrative": "356000000",
            "researchAndDevelopment": "None",
            "operatingExpenses": "498000000",
            "investmentIncomeNet": "0",
            "netInterestIncome": "-25000000",
            "interestIncome": "8000000",
            "interestExpense": "25000000",
            "nonInterestIncome": "1674000000",
            "otherNonOperatingIncome": "-1000000",
            "depreciation": "None",
            "depreciationAndAmortization": "151000000",
            "incomeBeforeTax": "184000000",
            "incomeTaxExpense": "52000000",
            "interestAndDebtExpense": "353000000",
            "netIncomeFromContinuingOperations": "132000000",
            "comprehensiveIncomeNetOfTax": "138000000",
            "ebit": "209000000",
            "ebitda": "207000000",
            "netIncome": "132000000"
        },
        {
            "fiscalDateEnding": "2021-09-30",
            "reportedCurrency": "USD",
            "grossProfit": "753000000",
            "totalRevenue": "2174000000",
            "costOfRevenue": "1819000000",
            "costofGoodsAndServicesSold": "1451000000",
            "operatingIncome": "385000000",
            "sellingGeneralAndAdministrative": "368000000",
            "researchAndDevelopment": "None",
            "operatingExpenses": "368000000",
            "investmentIncomeNet": "0",
            "netInterestIncome": "-26000000",
            "interestIncome": "0",
            "interestExpense": "26000000",
            "nonInterestIncome": "2200000000",
            "otherNonOperatingIncome": "-17000000",
            "depreciation": "None",
            "depreciationAndAmortization": "None",
            "incomeBeforeTax": "323000000",
            "incomeTaxExpense": "103000000",
            "interestAndDebtExpense": "26000000",
            "netIncomeFromContinuingOperations": "220000000",
            "comprehensiveIncomeNetOfTax": "207000000",
            "ebit": "349000000",
            "ebitda": "349000000",
            "netIncome": "220000000"
        },
        {
            "fiscalDateEnding": "2021-06-30",
            "reportedCurrency": "USD",
            "grossProfit": "791000000",
            "totalRevenue": "2156000000",
            "costOfRevenue": "1742000000",
            "costofGoodsAndServicesSold": "1388000000",
            "operatingIncome": "437000000",
            "sellingGeneralAndAdministrative": "354000000",
            "researchAndDevelopment": "None",
            "operatingExpenses": "354000000",
            "investmentIncomeNet": "3000000",
            "netInterestIncome": "-25000000",
            "interestIncome": "0",
            "interestExpense": "25000000",
            "nonInterestIncome": "2181000000",
            "otherNonOperatingIncome": "-415000000",
            "depreciation": "None",
            "depreciationAndAmortization": "None",
            "incomeBeforeTax": "-24000000",
            "incomeTaxExpense": "12000000",
            "interestAndDebtExpense": "25000000",
            "netIncomeFromContinuingOperations": "-36000000",
            "comprehensiveIncomeNetOfTax": "357000000",
            "ebit": "1000000",
            "ebitda": "1000000",
            "netIncome": "-36000000"
        },
        {
            "fiscalDateEnding": "2021-03-31",
            "reportedCurrency": "USD",
            "grossProfit": "700000000",
            "totalRevenue": "1768000000",
            "costOfRevenue": "1605000000",
            "costofGoodsAndServicesSold": "1270000000",
            "operatingIncome": "365000000",
            "sellingGeneralAndAdministrative": "335000000",
            "researchAndDevelopment": "None",
            "operatingExpenses": "335000000",
            "investmentIncomeNet": "3000000",
            "netInterestIncome": "-202000000",
            "interestIncome": "0",
            "interestExpense": "202000000",
            "nonInterestIncome": "1970000000",
            "otherNonOperatingIncome": "-6000000",
            "depreciation": "None",
            "depreciationAndAmortization": "None",
            "incomeBeforeTax": "137000000",
            "incomeTaxExpense": "43000000",
            "interestAndDebtExpense": "202000000",
            "netIncomeFromContinuingOperations": "94000000",
            "comprehensiveIncomeNetOfTax": "82000000",
            "ebit": "339000000",
            "ebitda": "333000000",
            "netIncome": "94000000"
        },
        {
            "fiscalDateEnding": "2020-12-31",
            "reportedCurrency": "USD",
            "grossProfit": "660000000",
            "totalRevenue": "1860000000",
            "costOfRevenue": "1580000000",
            "costofGoodsAndServicesSold": "1200000000",
            "operatingIncome": "307000000",
            "sellingGeneralAndAdministrative": "353000000",
            "researchAndDevelopment": "None",
            "operatingExpenses": "-222000000",
            "investmentIncomeNet": "3000000",
            "netInterestIncome": "-34000000",
            "interestIncome": "32000000",
            "interestExpense": "34000000",
            "nonInterestIncome": "1860000000",
            "otherNonOperatingIncome": "2000000",
            "depreciation": "None",
            "depreciationAndAmortization": "0.13",
            "incomeBeforeTax": "262000000",
            "incomeTaxExpense": "67000000",
            "interestAndDebtExpense": "34000000",
            "netIncomeFromContinuingOperations": "192000000",
            "comprehensiveIncomeNetOfTax": "209000000",
            "ebit": "296000000",
            "ebitda": "296000000",
            "netIncome": "195000000"
        },
        {
            "fiscalDateEnding": "2020-09-30",
            "reportedCurrency": "USD",
            "grossProfit": "752000000",
            "totalRevenue": "1944000000",
            "costOfRevenue": "1559000000",
            "costofGoodsAndServicesSold": "1231000000",
            "operatingIncome": "424000000",
            "sellingGeneralAndAdministrative": "328000000",
            "researchAndDevelopment": "None",
            "operatingExpenses": "328000000",
            "investmentIncomeNet": "3000000",
            "netInterestIncome": "-40000000",
            "interestIncome": "0",
            "interestExpense": "40000000",
            "nonInterestIncome": "1984000000",
            "otherNonOperatingIncome": "-4000000",
            "depreciation": "None",
            "depreciationAndAmortization": "None",
            "incomeBeforeTax": "362000000",
            "incomeTaxExpense": "87000000",
            "interestAndDebtExpense": "40000000",
            "netIncomeFromContinuingOperations": "275000000",
            "comprehensiveIncomeNetOfTax": "303000000",
            "ebit": "402000000",
            "ebitda": "402000000",
            "netIncome": "275000000"
        },
        {
            "fiscalDateEnding": "2020-06-30",
            "reportedCurrency": "USD",
            "grossProfit": "628000000",
            "totalRevenue": "1731000000",
            "costOfRevenue": "1425000000",
            "costofGoodsAndServicesSold": "1136000000",
            "operatingIncome": "339000000",
            "sellingGeneralAndAdministrative": "289000000",
            "researchAndDevelopment": "None",
            "operatingExpenses": "289000000",
            "investmentIncomeNet": "4000000",
            "netInterestIncome": "-35000000",
            "interestIncome": "1000000",
            "interestExpense": "35000000",
            "nonInterestIncome": "1766000000",
            "otherNonOperatingIncome": "-2000000",
            "depreciation": "None",
            "depreciationAndAmortization": "None",
            "incomeBeforeTax": "306000000",
            "incomeTaxExpense": "82000000",
            "interestAndDebtExpense": "35000000",
            "netIncomeFromContinuingOperations": "210000000",
            "comprehensiveIncomeNetOfTax": "239000000",
            "ebit": "341000000",
            "ebitda": "341000000",
            "netIncome": "224000000"
        },
        {
            "fiscalDateEnding": "2020-03-31",
            "reportedCurrency": "USD",
            "grossProfit": "547000000",
            "totalRevenue": "1537000000",
            "costOfRevenue": "1356000000",
            "costofGoodsAndServicesSold": "1034000000",
            "operatingIncome": "225000000",
            "sellingGeneralAndAdministrative": "322000000",
            "researchAndDevelopment": "None",
            "operatingExpenses": "322000000",
            "investmentIncomeNet": "0",
            "netInterestIncome": "-35000000",
            "interestIncome": "1000000",
            "interestExpense": "35000000",
            "nonInterestIncome": "1572000000",
            "otherNonOperatingIncome": "-16000000",
            "depreciation": "None",
            "depreciationAndAmortization": "None",
            "incomeBeforeTax": "563000000",
            "incomeTaxExpense": "33000000",
            "interestAndDebtExpense": "35000000",
            "netIncomeFromContinuingOperations": "133000000",
            "comprehensiveIncomeNetOfTax": "510000000",
            "ebit": "598000000",
            "ebitda": "598000000",
            "netIncome": "530000000"
        },
        {
            "fiscalDateEnding": "2019-12-31",
            "reportedCurrency": "USD",
            "grossProfit": "565000000",
            "totalRevenue": "1639000000",
            "costOfRevenue": "773000000",
            "costofGoodsAndServicesSold": "1074000000",
            "operatingIncome": "255000000",
            "sellingGeneralAndAdministrative": "310000000",
            "researchAndDevelopment": "None",
            "operatingExpenses": "-48000000",
            "investmentIncomeNet": "None",
            "netInterestIncome": "-40000000",
            "interestIncome": "35000000",
            "interestExpense": "40000000",
            "nonInterestIncome": "1639000000",
            "otherNonOperatingIncome": "2000000",
            "depreciation": "None",
            "depreciationAndAmortization": "None",
            "incomeBeforeTax": "502000000",
            "incomeTaxExpense": "49000000",
            "interestAndDebtExpense": "42000000",
            "netIncomeFromContinuingOperations": "158000000",
            "comprehensiveIncomeNetOfTax": "392000000",
            "ebit": "542000000",
            "ebitda": "521000000",
            "netIncome": "453000000"
        },
        {
            "fiscalDateEnding": "2019-09-30",
            "reportedCurrency": "USD",
            "grossProfit": "611000000",
            "totalRevenue": "1904000000",
            "costOfRevenue": "1631000000",
            "costofGoodsAndServicesSold": "1105000000",
            "operatingIncome": "289000000",
            "sellingGeneralAndAdministrative": "322000000",
            "researchAndDevelopment": "None",
            "operatingExpenses": "349000000",
            "investmentIncomeNet": "None",
            "netInterestIncome": "-39000000",
            "interestIncome": "1000000",
            "interestExpense": "39000000",
            "nonInterestIncome": "1943000000",
            "otherNonOperatingIncome": "-9000000",
            "depreciation": "None",
            "depreciationAndAmortization": "None",
            "incomeBeforeTax": "192000000",
            "incomeTaxExpense": "66000000",
            "interestAndDebtExpense": "39000000",
            "netIncomeFromContinuingOperations": "163000000",
            "comprehensiveIncomeNetOfTax": "125000000",
            "ebit": "231000000",
            "ebitda": "238000000",
            "netIncome": "126000000"
        },
        {
            "fiscalDateEnding": "2019-06-30",
            "reportedCurrency": "USD",
            "grossProfit": "673000000",
            "totalRevenue": "2236000000",
            "costOfRevenue": "1883000000",
            "costofGoodsAndServicesSold": "1166000000",
            "operatingIncome": "347000000",
            "sellingGeneralAndAdministrative": "326000000",
            "researchAndDevelopment": "None",
            "operatingExpenses": "390000000",
            "investmentIncomeNet": "None",
            "netInterestIncome": "-41000000",
            "interestIncome": "0",
            "interestExpense": "41000000",
            "nonInterestIncome": "2277000000",
            "otherNonOperatingIncome": "-3000000",
            "depreciation": "None",
            "depreciationAndAmortization": "None",
            "incomeBeforeTax": "320000000",
            "incomeTaxExpense": "80000000",
            "interestAndDebtExpense": "41000000",
            "netIncomeFromContinuingOperations": "211000000",
            "comprehensiveIncomeNetOfTax": "246000000",
            "ebit": "361000000",
            "ebitda": "376000000",
            "netIncome": "240000000"
        },
        {
            "fiscalDateEnding": "2019-03-31",
            "reportedCurrency": "USD",
            "grossProfit": "522000000",
            "totalRevenue": "1869000000",
            "costOfRevenue": "1697000000",
            "costofGoodsAndServicesSold": "991000000",
            "operatingIncome": "197000000",
            "sellingGeneralAndAdministrative": "316000000",
            "researchAndDevelopment": "None",
            "operatingExpenses": "388000000",
            "investmentIncomeNet": "None",
            "netInterestIncome": "-39000000",
            "interestIncome": "1000000",
            "interestExpense": "39000000",
            "nonInterestIncome": "1908000000",
            "otherNonOperatingIncome": "-5000000",
            "depreciation": "None",
            "depreciationAndAmortization": "None",
            "incomeBeforeTax": "151000000",
            "incomeTaxExpense": "35000000",
            "interestAndDebtExpense": "39000000",
            "netIncomeFromContinuingOperations": "107000000",
            "comprehensiveIncomeNetOfTax": "120000000",
            "ebit": "190000000",
            "ebitda": "196000000",
            "netIncome": "116000000"
        },
        {
            "fiscalDateEnding": "2018-12-31",
            "reportedCurrency": "USD",
            "grossProfit": "568000000",
            "totalRevenue": "2041000000",
            "costOfRevenue": "1752000000",
            "costofGoodsAndServicesSold": "495000000",
            "operatingIncome": "207000000",
            "sellingGeneralAndAdministrative": "209000000",
            "researchAndDevelopment": "None",
            "operatingExpenses": "364000000",
            "investmentIncomeNet": "None",
            "netInterestIncome": "-39000000",
            "interestIncome": "None",
            "interestExpense": "39000000",
            "nonInterestIncome": "2041000000",
            "otherNonOperatingIncome": "-2000000",
            "depreciation": "None",
            "depreciationAndAmortization": "None",
            "incomeBeforeTax": "227000000",
            "incomeTaxExpense": "33000000",
            "interestAndDebtExpense": "39000000",
            "netIncomeFromContinuingOperations": "172000000",
            "comprehensiveIncomeNetOfTax": "180000000",
            "ebit": "266000000",
            "ebitda": "293000000",
            "netIncome": "194000000"
        },
        {
            "fiscalDateEnding": "2018-09-30",
            "reportedCurrency": "USD",
            "grossProfit": "570000000",
            "totalRevenue": "2064000000",
            "costOfRevenue": "1801000000",
            "costofGoodsAndServicesSold": "1281000000",
            "operatingIncome": "286000000",
            "sellingGeneralAndAdministrative": "337000000",
            "researchAndDevelopment": "None",
            "operatingExpenses": "367000000",
            "investmentIncomeNet": "None",
            "netInterestIncome": "-38000000",
            "interestIncome": "1000000",
            "interestExpense": "38000000",
            "nonInterestIncome": "2102000000",
            "otherNonOperatingIncome": "0",
            "depreciation": "None",
            "depreciationAndAmortization": "None",
            "incomeBeforeTax": "247000000",
            "incomeTaxExpense": "67000000",
            "interestAndDebtExpense": "38000000",
            "netIncomeFromContinuingOperations": "150000000",
            "comprehensiveIncomeNetOfTax": "185000000",
            "ebit": "285000000",
            "ebitda": "289000000",
            "netIncome": "180000000"
        },
        {
            "fiscalDateEnding": "2018-06-30",
            "reportedCurrency": "USD",
            "grossProfit": "648000000",
            "totalRevenue": "2254000000",
            "costOfRevenue": "1939000000",
            "costofGoodsAndServicesSold": "1547000000",
            "operatingIncome": "358000000",
            "sellingGeneralAndAdministrative": "392000000",
            "researchAndDevelopment": "None",
            "operatingExpenses": "392000000",
            "investmentIncomeNet": "None",
            "netInterestIncome": "-38000000",
            "interestIncome": "0",
            "interestExpense": "38000000",
            "nonInterestIncome": "2292000000",
            "otherNonOperatingIncome": "-8000000",
            "depreciation": "None",
            "depreciationAndAmortization": "None",
            "incomeBeforeTax": "299000000",
            "incomeTaxExpense": "88000000",
            "interestAndDebtExpense": "38000000",
            "netIncomeFromContinuingOperations": "178000000",
            "comprehensiveIncomeNetOfTax": "177000000",
            "ebit": "337000000",
            "ebitda": "337000000",
            "netIncome": "211000000"
        },
        {
            "fiscalDateEnding": "2018-03-31",
            "reportedCurrency": "USD",
            "grossProfit": "541000000",
            "totalRevenue": "3798000000",
            "costOfRevenue": "1676000000",
            "costofGoodsAndServicesSold": "1301000000",
            "operatingIncome": "244000000",
            "sellingGeneralAndAdministrative": "375000000",
            "researchAndDevelopment": "None",
            "operatingExpenses": "375000000",
            "investmentIncomeNet": "None",
            "netInterestIncome": "-41000000",
            "interestIncome": "2000000",
            "interestExpense": "41000000",
            "nonInterestIncome": "1919000000",
            "otherNonOperatingIncome": "-3000000",
            "depreciation": "None",
            "depreciationAndAmortization": "None",
            "incomeBeforeTax": "188000000",
            "incomeTaxExpense": "39000000",
            "interestAndDebtExpense": "41000000",
            "netIncomeFromContinuingOperations": "136000000",
            "comprehensiveIncomeNetOfTax": "189000000",
            "ebit": "229000000",
            "ebitda": "229000000",
            "netIncome": "149000000"
        }
    ]
}