{
    "symbol": "MRK",
    "annualReports": [
        {
            "fiscalDateEnding": "2022-12-31",
            "reportedCurrency": "USD",
            "grossProfit": "27923000000",
            "totalRevenue": "59283000000",
            "costOfRevenue": "31360000000",
            "costofGoodsAndServicesSold": "17411000000",
            "operatingIncome": "147000000",
            "sellingGeneralAndAdministrative": "10042000000",
            "researchAndDevelopment": "13548000000",
            "operatingExpenses": "27776000000",
            "investmentIncomeNet": "157000000",
            "netInterestIncome": "-962000000",
            "interestIncome": "1348000000",
            "interestExpense": "962000000",
            "nonInterestIncome": "-1237000000",
            "otherNonOperatingIncome": "-1501000000",
            "depreciation": "1824000000",
            "depreciationAndAmortization": "2100000000",
            "incomeBeforeTax": "16437000000",
            "incomeTaxExpense": "1918000000",
            "interestAndDebtExpense": "962000000",
            "netIncomeFromContinuingOperations": "14519000000",
            "comprehensiveIncomeNetOfTax": "14180000000",
            "ebit": "17399000000",
            "ebitda": "19499000000",
            "netIncome": "14519000000"
        },
        {
            "fiscalDateEnding": "2021-12-31",
            "reportedCurrency": "USD",
            "grossProfit": "23093000000",
            "totalRevenue": "48704000000",
            "costOfRevenue": "25611000000",
            "costofGoodsAndServicesSold": "13626000000",
            "operatingIncome": "-1349000000",
            "sellingGeneralAndAdministrative": "9634000000",
            "researchAndDevelopment": "12245000000",
            "operatingExpenses": "24442000000",
            "investmentIncomeNet": "36000000",
            "netInterestIncome": "-806000000",
            "interestIncome": "1884000000",
            "interestExpense": "806000000",
            "nonInterestIncome": "1103000000",
            "otherNonOperatingIncome": "1341000000",
            "depreciation": "1578000000",
            "depreciationAndAmortization": "1600000000",
            "incomeBeforeTax": "14570000000",
            "incomeTaxExpense": "1521000000",
            "interestAndDebtExpense": "806000000",
            "netIncomeFromContinuingOperations": "12345000000",
            "comprehensiveIncomeNetOfTax": "14805000000",
            "ebit": "15376000000",
            "ebitda": "16976000000",
            "netIncome": "13049000000"
        },
        {
            "fiscalDateEnding": "2020-12-31",
            "reportedCurrency": "USD",
            "grossProfit": "18184000000",
            "totalRevenue": "41518000000",
            "costOfRevenue": "29810000000",
            "costofGoodsAndServicesSold": "13618000000",
            "operatingIncome": "-10038000000",
            "sellingGeneralAndAdministrative": "8955000000",
            "researchAndDevelopment": "13397000000",
            "operatingExpenses": "28222000000",
            "investmentIncomeNet": "59000000",
            "netInterestIncome": "-831000000",
            "interestIncome": "59000000",
            "interestExpense": "831000000",
            "nonInterestIncome": "-145000000",
            "otherNonOperatingIncome": "890000000",
            "depreciation": "1669000000",
            "depreciationAndAmortization": "1900000000",
            "incomeBeforeTax": "8407000000",
            "incomeTaxExpense": "1340000000",
            "interestAndDebtExpense": "831000000",
            "netIncomeFromContinuingOperations": "4519000000",
            "comprehensiveIncomeNetOfTax": "6626000000",
            "ebit": "9238000000",
            "ebitda": "11138000000",
            "netIncome": "7067000000"
        },
        {
            "fiscalDateEnding": "2019-12-31",
            "reportedCurrency": "USD",
            "grossProfit": "18980000000",
            "totalRevenue": "39121000000",
            "costOfRevenue": "27860000000",
            "costofGoodsAndServicesSold": "12016000000",
            "operatingIncome": "-5185000000",
            "sellingGeneralAndAdministrative": "9455000000",
            "researchAndDevelopment": "9724000000",
            "operatingExpenses": "24165000000",
            "investmentIncomeNet": "274000000",
            "netInterestIncome": "-893000000",
            "interestIncome": "274000000",
            "interestExpense": "893000000",
            "nonInterestIncome": "-187000000",
            "otherNonOperatingIncome": "-129000000",
            "depreciation": "1615000000",
            "depreciationAndAmortization": "2000000000",
            "incomeBeforeTax": "11408000000",
            "incomeTaxExpense": "1565000000",
            "interestAndDebtExpense": "893000000",
            "netIncomeFromContinuingOperations": "5690000000",
            "comprehensiveIncomeNetOfTax": "9195000000",
            "ebit": "12301000000",
            "ebitda": "14301000000",
            "netIncome": "9843000000"
        },
        {
            "fiscalDateEnding": "2018-12-31",
            "reportedCurrency": "USD",
            "grossProfit": "15367000000",
            "totalRevenue": "42294000000",
            "costOfRevenue": "26927000000",
            "costofGoodsAndServicesSold": "13509000000",
            "operatingIncome": "-8315000000",
            "sellingGeneralAndAdministrative": "10102000000",
            "researchAndDevelopment": "9752000000",
            "operatingExpenses": "23682000000",
            "investmentIncomeNet": "343000000",
            "netInterestIncome": "-772000000",
            "interestIncome": "343000000",
            "interestExpense": "772000000",
            "nonInterestIncome": "-145000000",
            "otherNonOperatingIncome": "402000000",
            "depreciation": "1416000000",
            "depreciationAndAmortization": "2900000000",
            "incomeBeforeTax": "8728000000",
            "incomeTaxExpense": "2508000000",
            "interestAndDebtExpense": "772000000",
            "netIncomeFromContinuingOperations": "6193000000",
            "comprehensiveIncomeNetOfTax": "5859000000",
            "ebit": "9500000000",
            "ebitda": "12400000000",
            "netIncome": "6220000000"
        }
    ],
    "quarterlyReports": [
        {
            "fiscalDateEnding": "2022-12-31",
            "reportedCurrency": "USD",
            "grossProfit": "4345000000",
            "totalRevenue": "13830000000",
            "costOfRevenue": "9485000000",
            "costofGoodsAndServicesSold": "3881000000",
            "operatingIncome": "-5105000000",
            "sellingGeneralAndAdministrative": "2687000000",
            "researchAndDevelopment": "3775000000",
            "operatingExpenses": "9450000000",
            "investmentIncomeNet": "95000000",
            "netInterestIncome": "-235000000",
            "interestIncome": "80000000",
            "interestExpense": "235000000",
            "nonInterestIncome": "-1017000000",
            "otherNonOperatingIncome": "75000000",
            "depreciation": "430000000",
            "depreciationAndAmortization": "None",
            "incomeBeforeTax": "3512000000",
            "incomeTaxExpense": "495000000",
            "interestAndDebtExpense": "235000000",
            "netIncomeFromContinuingOperations": "3017000000",
            "comprehensiveIncomeNetOfTax": "2992000000",
            "ebit": "3747000000",
            "ebitda": "3512000000",
            "netIncome": "3017000000"
        },
        {
            "fiscalDateEnding": "2022-09-30",
            "reportedCurrency": "USD",
            "grossProfit": "8471000000",
            "totalRevenue": "14959000000",
            "costOfRevenue": "6488000000",
            "costofGoodsAndServicesSold": "3934000000",
            "operatingIncome": "1458000000",
            "sellingGeneralAndAdministrative": "2520000000",
            "researchAndDevelopment": "4399000000",
            "operatingExpenses": "7013000000",
            "investmentIncomeNet": "40000000",
            "netInterestIncome": "-244000000",
            "interestIncome": "350000000",
            "interestExpense": "244000000",
            "nonInterestIncome": "-96000000",
            "otherNonOperatingIncome": "-429000000",
            "depreciation": "499000000",
            "depreciationAndAmortization": "959000000",
            "incomeBeforeTax": "3578000000",
            "incomeTaxExpense": "330000000",
            "interestAndDebtExpense": "244000000",
            "netIncomeFromContinuingOperations": "3248000000",
            "comprehensiveIncomeNetOfTax": "2832000000",
            "ebit": "3822000000",
            "ebitda": "4781000000",
            "netIncome": "3248000000"
        },
        {
            "fiscalDateEnding": "2022-06-30",
            "reportedCurrency": "USD",
            "grossProfit": "7750000000",
            "totalRevenue": "14593000000",
            "costOfRevenue": "6843000000",
            "costofGoodsAndServicesSold": "4216000000",
            "operatingIncome": "2298000000",
            "sellingGeneralAndAdministrative": "2512000000",
            "researchAndDevelopment": "2798000000",
            "operatingExpenses": "5452000000",
            "investmentIncomeNet": "15000000",
            "netInterestIncome": "-240000000",
            "interestIncome": "15000000",
            "interestExpense": "240000000",
            "nonInterestIncome": "-86000000",
            "otherNonOperatingIncome": "-438000000",
            "depreciation": "474000000",
            "depreciationAndAmortization": "938000000",
            "incomeBeforeTax": "4482000000",
            "incomeTaxExpense": "538000000",
            "interestAndDebtExpense": "240000000",
            "netIncomeFromContinuingOperations": "3944000000",
            "comprehensiveIncomeNetOfTax": "3986000000",
            "ebit": "4722000000",
            "ebitda": "5660000000",
            "netIncome": "3944000000"
        },
        {
            "fiscalDateEnding": "2022-03-31",
            "reportedCurrency": "USD",
            "grossProfit": "8266000000",
            "totalRevenue": "15901000000",
            "costOfRevenue": "7635000000",
            "costofGoodsAndServicesSold": "5380000000",
            "operatingIncome": "3314000000",
            "sellingGeneralAndAdministrative": "2323000000",
            "researchAndDevelopment": "2576000000",
            "operatingExpenses": "4952000000",
            "investmentIncomeNet": "7000000",
            "netInterestIncome": "-243000000",
            "interestIncome": "7000000",
            "interestExpense": "243000000",
            "nonInterestIncome": "-39000000",
            "otherNonOperatingIncome": "-708000000",
            "depreciation": "421000000",
            "depreciationAndAmortization": "1120000000",
            "incomeBeforeTax": "4864000000",
            "incomeTaxExpense": "554000000",
            "interestAndDebtExpense": "243000000",
            "netIncomeFromContinuingOperations": "4310000000",
            "comprehensiveIncomeNetOfTax": "4370000000",
            "ebit": "5107000000",
            "ebitda": "6227000000",
            "netIncome": "4310000000"
        },
        {
            "fiscalDateEnding": "2021-12-31",
            "reportedCurrency": "USD",
            "grossProfit": "4794000000",
            "totalRevenue": "13521000000",
            "costOfRevenue": "8727000000",
            "costofGoodsAndServicesSold": "3874000000",
            "operatingIncome": "-3180000000",
            "sellingGeneralAndAdministrative": "2830000000",
            "researchAndDevelopment": "3068000000",
            "operatingExpenses": "7974000000",
            "investmentIncomeNet": "9000000",
            "netInterestIncome": "-209000000",
            "interestIncome": "381000000",
            "interestExpense": "209000000",
            "nonInterestIncome": "1305000000",
            "otherNonOperatingIncome": "334000000",
            "depreciation": "430000000",
            "depreciationAndAmortization": "835000000",
            "incomeBeforeTax": "3843000000",
            "incomeTaxExpense": "85000000",
            "interestAndDebtExpense": "209000000",
            "netIncomeFromContinuingOperations": "3820000000",
            "comprehensiveIncomeNetOfTax": "3919000000",
            "ebit": "4052000000",
            "ebitda": "4887000000",
            "netIncome": "3758000000"
        },
        {
            "fiscalDateEnding": "2021-09-30",
            "reportedCurrency": "USD",
            "grossProfit": "7221000000",
            "totalRevenue": "13154000000",
            "costOfRevenue": "5933000000",
            "costofGoodsAndServicesSold": "3450000000",
            "operatingIncome": "2333000000",
            "sellingGeneralAndAdministrative": "2336000000",
            "researchAndDevelopment": "2445000000",
            "operatingExpenses": "4888000000",
            "investmentIncomeNet": "7000000",
            "netInterestIncome": "-196000000",
            "interestIncome": "684000000",
            "interestExpense": "196000000",
            "nonInterestIncome": "-46000000",
            "otherNonOperatingIncome": "450000000",
            "depreciation": "399000000",
            "depreciationAndAmortization": "759000000",
            "incomeBeforeTax": "5262000000",
            "incomeTaxExpense": "695000000",
            "interestAndDebtExpense": "196000000",
            "netIncomeFromContinuingOperations": "4567000000",
            "comprehensiveIncomeNetOfTax": "4605000000",
            "ebit": "5458000000",
            "ebitda": "6217000000",
            "netIncome": "4567000000"
        },
        {
            "fiscalDateEnding": "2021-06-30",
            "reportedCurrency": "USD",
            "grossProfit": "6045000000",
            "totalRevenue": "11402000000",
            "costOfRevenue": "5357000000",
            "costofGoodsAndServicesSold": "3104000000",
            "operatingIncome": "-639000000",
            "sellingGeneralAndAdministrative": "2281000000",
            "researchAndDevelopment": "4321000000",
            "operatingExpenses": "6684000000",
            "investmentIncomeNet": "9000000",
            "netInterestIncome": "-202000000",
            "interestIncome": "9000000",
            "interestExpense": "202000000",
            "nonInterestIncome": "-114000000",
            "otherNonOperatingIncome": "103000000",
            "depreciation": "371000000",
            "depreciationAndAmortization": "690000000",
            "incomeBeforeTax": "2048000000",
            "incomeTaxExpense": "503000000",
            "interestAndDebtExpense": "202000000",
            "netIncomeFromContinuingOperations": "1213000000",
            "comprehensiveIncomeNetOfTax": "3090000000",
            "ebit": "2250000000",
            "ebitda": "2940000000",
            "netIncome": "1545000000"
        },
        {
            "fiscalDateEnding": "2021-03-31",
            "reportedCurrency": "USD",
            "grossProfit": "5568000000",
            "totalRevenue": "10627000000",
            "costOfRevenue": "6512000000",
            "costofGoodsAndServicesSold": "3199000000",
            "operatingIncome": "172000000",
            "sellingGeneralAndAdministrative": "2187000000",
            "researchAndDevelopment": "2412000000",
            "operatingExpenses": "5396000000",
            "investmentIncomeNet": "11000000",
            "netInterestIncome": "-200000000",
            "interestIncome": "11000000",
            "interestExpense": "200000000",
            "nonInterestIncome": "-47000000",
            "otherNonOperatingIncome": "455000000",
            "depreciation": "378000000",
            "depreciationAndAmortization": "930000000",
            "incomeBeforeTax": "3417000000",
            "incomeTaxExpense": "238000000",
            "interestAndDebtExpense": "200000000",
            "netIncomeFromContinuingOperations": "2745000000",
            "comprehensiveIncomeNetOfTax": "3191000000",
            "ebit": "3617000000",
            "ebitda": "4585000000",
            "netIncome": "3179000000"
        },
        {
            "fiscalDateEnding": "2020-12-31",
            "reportedCurrency": "USD",
            "grossProfit": "85000000",
            "totalRevenue": "10948000000",
            "costOfRevenue": "12430000000",
            "costofGoodsAndServicesSold": "5029000000",
            "operatingIncome": "-12729000000",
            "sellingGeneralAndAdministrative": "2619000000",
            "researchAndDevelopment": "5788000000",
            "operatingExpenses": "12814000000",
            "investmentIncomeNet": "11000000",
            "netInterestIncome": "-207000000",
            "interestIncome": "11000000",
            "interestExpense": "207000000",
            "nonInterestIncome": "-56000000",
            "otherNonOperatingIncome": "253000000",
            "depreciation": "459000000",
            "depreciationAndAmortization": "904000000",
            "incomeBeforeTax": "-2025000000",
            "incomeTaxExpense": "69000000",
            "interestAndDebtExpense": "207000000",
            "netIncomeFromContinuingOperations": "-2617000000",
            "comprehensiveIncomeNetOfTax": "-2345000000",
            "ebit": "-1818000000",
            "ebitda": "-885000000",
            "netIncome": "-2094000000"
        },
        {
            "fiscalDateEnding": "2020-09-30",
            "reportedCurrency": "USD",
            "grossProfit": "6594000000",
            "totalRevenue": "10929000000",
            "costOfRevenue": "5957000000",
            "costofGoodsAndServicesSold": "3013000000",
            "operatingIncome": "640000000",
            "sellingGeneralAndAdministrative": "2060000000",
            "researchAndDevelopment": "3349000000",
            "operatingExpenses": "5954000000",
            "investmentIncomeNet": "9000000",
            "netInterestIncome": "-203000000",
            "interestIncome": "156000000",
            "interestExpense": "203000000",
            "nonInterestIncome": "-10000000",
            "otherNonOperatingIncome": "312000000",
            "depreciation": "402000000",
            "depreciationAndAmortization": "852000000",
            "incomeBeforeTax": "3321000000",
            "incomeTaxExpense": "380000000",
            "interestAndDebtExpense": "203000000",
            "netIncomeFromContinuingOperations": "2324000000",
            "comprehensiveIncomeNetOfTax": "2951000000",
            "ebit": "3524000000",
            "ebitda": "4479000000",
            "netIncome": "2941000000"
        },
        {
            "fiscalDateEnding": "2020-06-30",
            "reportedCurrency": "USD",
            "grossProfit": "5332000000",
            "totalRevenue": "9353000000",
            "costOfRevenue": "5540000000",
            "costofGoodsAndServicesSold": "2747000000",
            "operatingIncome": "748000000",
            "sellingGeneralAndAdministrative": "2085000000",
            "researchAndDevelopment": "2085000000",
            "operatingExpenses": "4584000000",
            "investmentIncomeNet": "14000000",
            "netInterestIncome": "-209000000",
            "interestIncome": "14000000",
            "interestExpense": "209000000",
            "nonInterestIncome": "-24000000",
            "otherNonOperatingIncome": "387000000",
            "depreciation": "397000000",
            "depreciationAndAmortization": "1048000000",
            "incomeBeforeTax": "3398000000",
            "incomeTaxExpense": "396000000",
            "interestAndDebtExpense": "209000000",
            "netIncomeFromContinuingOperations": "2341000000",
            "comprehensiveIncomeNetOfTax": "3000000000",
            "ebit": "3607000000",
            "ebitda": "4768000000",
            "netIncome": "3002000000"
        },
        {
            "fiscalDateEnding": "2020-03-31",
            "reportedCurrency": "USD",
            "grossProfit": "6208000000",
            "totalRevenue": "12057000000",
            "costOfRevenue": "5849000000",
            "costofGoodsAndServicesSold": "3312000000",
            "operatingIncome": "1372000000",
            "sellingGeneralAndAdministrative": "2555000000",
            "researchAndDevelopment": "2209000000",
            "operatingExpenses": "4836000000",
            "investmentIncomeNet": "25000000",
            "netInterestIncome": "-212000000",
            "interestIncome": "25000000",
            "interestExpense": "212000000",
            "nonInterestIncome": "-54000000",
            "otherNonOperatingIncome": "-71000000",
            "depreciation": "411000000",
            "depreciationAndAmortization": "821000000",
            "incomeBeforeTax": "3838000000",
            "incomeTaxExpense": "619000000",
            "interestAndDebtExpense": "212000000",
            "netIncomeFromContinuingOperations": "2471000000",
            "comprehensiveIncomeNetOfTax": "3021000000",
            "ebit": "4050000000",
            "ebitda": "4871000000",
            "netIncome": "3219000000"
        },
        {
            "fiscalDateEnding": "2019-12-31",
            "reportedCurrency": "USD",
            "grossProfit": "3076000000",
            "totalRevenue": "4149000000",
            "costOfRevenue": "8792000000",
            "costofGoodsAndServicesSold": "1573000000",
            "operatingIncome": "-4731000000",
            "sellingGeneralAndAdministrative": "1729000000",
            "researchAndDevelopment": "2400000000",
            "operatingExpenses": "7807000000",
            "investmentIncomeNet": "49000000",
            "netInterestIncome": "-219000000",
            "interestIncome": "49000000",
            "interestExpense": "219000000",
            "nonInterestIncome": "-21000000",
            "otherNonOperatingIncome": "233000000",
            "depreciation": "None",
            "depreciationAndAmortization": "936000000",
            "incomeBeforeTax": "2662000000",
            "incomeTaxExpense": "306000000",
            "interestAndDebtExpense": "219000000",
            "netIncomeFromContinuingOperations": "-1724000000",
            "comprehensiveIncomeNetOfTax": "1553000000",
            "ebit": "2881000000",
            "ebitda": "3939000000",
            "netIncome": "2356000000"
        },
        {
            "fiscalDateEnding": "2019-09-30",
            "reportedCurrency": "USD",
            "grossProfit": "5102000000",
            "totalRevenue": "12397000000",
            "costOfRevenue": "7295000000",
            "costofGoodsAndServicesSold": "3990000000",
            "operatingIncome": "-1535000000",
            "sellingGeneralAndAdministrative": "2589000000",
            "researchAndDevelopment": "3204000000",
            "operatingExpenses": "6637000000",
            "investmentIncomeNet": "61000000",
            "netInterestIncome": "-231000000",
            "interestIncome": "61000000",
            "interestExpense": "231000000",
            "nonInterestIncome": "-38000000",
            "otherNonOperatingIncome": "-35000000",
            "depreciation": "None",
            "depreciationAndAmortization": "845000000",
            "incomeBeforeTax": "2341000000",
            "incomeTaxExpense": "440000000",
            "interestAndDebtExpense": "231000000",
            "netIncomeFromContinuingOperations": "1907000000",
            "comprehensiveIncomeNetOfTax": "1873000000",
            "ebit": "2572000000",
            "ebitda": "3417000000",
            "netIncome": "1901000000"
        },
        {
            "fiscalDateEnding": "2019-06-30",
            "reportedCurrency": "USD",
            "grossProfit": "5650000000",
            "totalRevenue": "11760000000",
            "costOfRevenue": "6110000000",
            "costofGoodsAndServicesSold": "3401000000",
            "operatingIncome": "612000000",
            "sellingGeneralAndAdministrative": "2712000000",
            "researchAndDevelopment": "2189000000",
            "operatingExpenses": "5038000000",
            "investmentIncomeNet": "75000000",
            "netInterestIncome": "-233000000",
            "interestIncome": "75000000",
            "interestExpense": "233000000",
            "nonInterestIncome": "-27000000",
            "otherNonOperatingIncome": "-140000000",
            "depreciation": "None",
            "depreciationAndAmortization": "973000000",
            "incomeBeforeTax": "3285000000",
            "incomeTaxExpense": "615000000",
            "interestAndDebtExpense": "233000000",
            "netIncomeFromContinuingOperations": "2644000000",
            "comprehensiveIncomeNetOfTax": "2654000000",
            "ebit": "3518000000",
            "ebitda": "4491000000",
            "netIncome": "2670000000"
        },
        {
            "fiscalDateEnding": "2019-03-31",
            "reportedCurrency": "USD",
            "grossProfit": "5223000000",
            "totalRevenue": "10816000000",
            "costOfRevenue": "5593000000",
            "costofGoodsAndServicesSold": "3052000000",
            "operatingIncome": "610000000",
            "sellingGeneralAndAdministrative": "2425000000",
            "researchAndDevelopment": "1931000000",
            "operatingExpenses": "4613000000",
            "investmentIncomeNet": "89000000",
            "netInterestIncome": "-209000000",
            "interestIncome": "246000000",
            "interestExpense": "209000000",
            "nonInterestIncome": "-101000000",
            "otherNonOperatingIncome": "-188000000",
            "depreciation": "None",
            "depreciationAndAmortization": "898000000",
            "incomeBeforeTax": "3120000000",
            "incomeTaxExpense": "205000000",
            "interestAndDebtExpense": "209000000",
            "netIncomeFromContinuingOperations": "2862000000",
            "comprehensiveIncomeNetOfTax": "3114000000",
            "ebit": "3329000000",
            "ebitda": "4227000000",
            "netIncome": "2915000000"
        },
        {
            "fiscalDateEnding": "2018-12-31",
            "reportedCurrency": "USD",
            "grossProfit": "1860000000",
            "totalRevenue": "10998000000",
            "costOfRevenue": "9138000000",
            "costofGoodsAndServicesSold": "3289000000",
            "operatingIncome": "-6331000000",
            "sellingGeneralAndAdministrative": "2643000000",
            "researchAndDevelopment": "2214000000",
            "operatingExpenses": "8191000000",
            "investmentIncomeNet": "86000000",
            "netInterestIncome": "-203000000",
            "interestIncome": "None",
            "interestExpense": "203000000",
            "nonInterestIncome": "-26000000",
            "otherNonOperatingIncome": "-110000000",
            "depreciation": "None",
            "depreciationAndAmortization": "1095000000",
            "incomeBeforeTax": "2653000000",
            "incomeTaxExpense": "826000000",
            "interestAndDebtExpense": "203000000",
            "netIncomeFromContinuingOperations": "1778000000",
            "comprehensiveIncomeNetOfTax": "1433000000",
            "ebit": "2856000000",
            "ebitda": "3951000000",
            "netIncome": "1827000000"
        },
        {
            "fiscalDateEnding": "2018-09-30",
            "reportedCurrency": "USD",
            "grossProfit": "4680000000",
            "totalRevenue": "10794000000",
            "costOfRevenue": "6114000000",
            "costofGoodsAndServicesSold": "3619000000",
            "operatingIncome": "-2000000",
            "sellingGeneralAndAdministrative": "2443000000",
            "researchAndDevelopment": "2068000000",
            "operatingExpenses": "4682000000",
            "investmentIncomeNet": "92000000",
            "netInterestIncome": "-190000000",
            "interestIncome": "None",
            "interestExpense": "190000000",
            "nonInterestIncome": "-42000000",
            "otherNonOperatingIncome": "172000000",
            "depreciation": "None",
            "depreciationAndAmortization": "1061000000",
            "incomeBeforeTax": "2657000000",
            "incomeTaxExpense": "707000000",
            "interestAndDebtExpense": "190000000",
            "netIncomeFromContinuingOperations": "1958000000",
            "comprehensiveIncomeNetOfTax": "1921000000",
            "ebit": "2847000000",
            "ebitda": "3908000000",
            "netIncome": "1950000000"
        },
        {
            "fiscalDateEnding": "2018-06-30",
            "reportedCurrency": "USD",
            "grossProfit": "4442000000",
            "totalRevenue": "10465000000",
            "costOfRevenue": "6023000000",
            "costofGoodsAndServicesSold": "3417000000",
            "operatingIncome": "-568000000",
            "sellingGeneralAndAdministrative": "2508000000",
            "researchAndDevelopment": "2274000000",
            "operatingExpenses": "5010000000",
            "investmentIncomeNet": "81000000",
            "netInterestIncome": "-194000000",
            "interestIncome": "None",
            "interestExpense": "194000000",
            "nonInterestIncome": "-71000000",
            "otherNonOperatingIncome": "48000000",
            "depreciation": "None",
            "depreciationAndAmortization": "1226000000",
            "incomeBeforeTax": "2077000000",
            "incomeTaxExpense": "370000000",
            "interestAndDebtExpense": "194000000",
            "netIncomeFromContinuingOperations": "1716000000",
            "comprehensiveIncomeNetOfTax": "1645000000",
            "ebit": "2271000000",
            "ebitda": "3497000000",
            "netIncome": "1707000000"
        },
        {
            "fiscalDateEnding": "2018-03-31",
            "reportedCurrency": "USD",
            "grossProfit": "4058000000",
            "totalRevenue": "10037000000",
            "costOfRevenue": "5787000000",
            "costofGoodsAndServicesSold": "3184000000",
            "operatingIncome": "-1741000000",
            "sellingGeneralAndAdministrative": "2508000000",
            "researchAndDevelopment": "3196000000",
            "operatingExpenses": "5799000000",
            "investmentIncomeNet": "85000000",
            "netInterestIncome": "-185000000",
            "interestIncome": "None",
            "interestExpense": "185000000",
            "nonInterestIncome": "-7000000",
            "otherNonOperatingIncome": "291000000",
            "depreciation": "None",
            "depreciationAndAmortization": "1137000000",
            "incomeBeforeTax": "1340000000",
            "incomeTaxExpense": "604000000",
            "interestAndDebtExpense": "185000000",
            "netIncomeFromContinuingOperations": "741000000",
            "comprehensiveIncomeNetOfTax": "860000000",
            "ebit": "1525000000",
            "ebitda": "2662000000",
            "netIncome": "736000000"
        }
    ]
}