{
    "symbol": "NDSN",
    "annualReports": [
        {
            "fiscalDateEnding": "2022-10-31",
            "reportedCurrency": "USD",
            "grossProfit": "623315000",
            "totalRevenue": "2568446000",
            "costOfRevenue": "1945131000",
            "costofGoodsAndServicesSold": "1163742000",
            "operatingIncome": "702360000",
            "sellingGeneralAndAdministrative": "724176000",
            "researchAndDevelopment": "63031000",
            "operatingExpenses": "845098000",
            "investmentIncomeNet": "2026000",
            "netInterestIncome": "-22413000",
            "interestIncome": "2026000",
            "interestExpense": "22413000",
            "nonInterestIncome": "2590859000",
            "otherNonOperatingIncome": "8527000",
            "depreciation": "49098000",
            "depreciationAndAmortization": "57213000",
            "incomeBeforeTax": "649279000",
            "incomeTaxExpense": "136176000",
            "interestAndDebtExpense": "22413000",
            "netIncomeFromContinuingOperations": "513103000",
            "comprehensiveIncomeNetOfTax": "481156000",
            "ebit": "671692000",
            "ebitda": "728905000",
            "netIncome": "513103000"
        },
        {
            "fiscalDateEnding": "2021-10-31",
            "reportedCurrency": "USD",
            "grossProfit": "531567000",
            "totalRevenue": "2336129000",
            "costOfRevenue": "1804562000",
            "costofGoodsAndServicesSold": "1038129000",
            "operatingIncome": "615127000",
            "sellingGeneralAndAdministrative": "708953000",
            "researchAndDevelopment": "59422000",
            "operatingExpenses": "826476000",
            "investmentIncomeNet": "2150000",
            "netInterestIncome": "-25491000",
            "interestIncome": "2150000",
            "interestExpense": "25491000",
            "nonInterestIncome": "2361620000",
            "otherNonOperatingIncome": "-17610000",
            "depreciation": "53332000",
            "depreciationAndAmortization": "57480000",
            "incomeBeforeTax": "574176000",
            "incomeTaxExpense": "119808000",
            "interestAndDebtExpense": "25491000",
            "netIncomeFromContinuingOperations": "454368000",
            "comprehensiveIncomeNetOfTax": "504651000",
            "ebit": "599667000",
            "ebitda": "657147000",
            "netIncome": "454368000"
        },
        {
            "fiscalDateEnding": "2020-10-31",
            "reportedCurrency": "USD",
            "grossProfit": "1130468000",
            "totalRevenue": "2088456000",
            "costOfRevenue": "1835621000",
            "costofGoodsAndServicesSold": "990632000",
            "operatingIncome": "349545000",
            "sellingGeneralAndAdministrative": "693552000",
            "researchAndDevelopment": "63591000",
            "operatingExpenses": "911229000",
            "investmentIncomeNet": "1681000",
            "netInterestIncome": "-32160000",
            "interestIncome": "1681000",
            "interestExpense": "32160000",
            "nonInterestIncome": "2120616000",
            "otherNonOperatingIncome": "-17577000",
            "depreciation": "56323000",
            "depreciationAndAmortization": "64066000",
            "incomeBeforeTax": "301489000",
            "incomeTaxExpense": "51950000",
            "interestAndDebtExpense": "32160000",
            "netIncomeFromContinuingOperations": "249539000",
            "comprehensiveIncomeNetOfTax": "255302000",
            "ebit": "333649000",
            "ebitda": "397715000",
            "netIncome": "249539000"
        },
        {
            "fiscalDateEnding": "2019-10-31",
            "reportedCurrency": "USD",
            "grossProfit": "1192103000",
            "totalRevenue": "2146128000",
            "costOfRevenue": "1765903000",
            "costofGoodsAndServicesSold": "1002123000",
            "operatingIncome": "483113000",
            "sellingGeneralAndAdministrative": "708990000",
            "researchAndDevelopment": "60018000",
            "operatingExpenses": "827005000",
            "investmentIncomeNet": "1844000",
            "netInterestIncome": "-47145000",
            "interestIncome": "1844000",
            "interestExpense": "47145000",
            "nonInterestIncome": "2193273000",
            "otherNonOperatingIncome": "-6708000",
            "depreciation": "55454000",
            "depreciationAndAmortization": "54790000",
            "incomeBeforeTax": "431104000",
            "incomeTaxExpense": "94013000",
            "interestAndDebtExpense": "47145000",
            "netIncomeFromContinuingOperations": "337091000",
            "comprehensiveIncomeNetOfTax": "284524000",
            "ebit": "478249000",
            "ebitda": "533039000",
            "netIncome": "337091000"
        },
        {
            "fiscalDateEnding": "2018-10-31",
            "reportedCurrency": "USD",
            "grossProfit": "1236328000",
            "totalRevenue": "2254668000",
            "costOfRevenue": "1018340000",
            "costofGoodsAndServicesSold": "1018340000",
            "operatingIncome": "502579000",
            "sellingGeneralAndAdministrative": "733749000",
            "researchAndDevelopment": "58806000",
            "operatingExpenses": "857677000",
            "investmentIncomeNet": "1384000",
            "netInterestIncome": "-49576000",
            "interestIncome": "1384000",
            "interestExpense": "49576000",
            "nonInterestIncome": "-830000",
            "otherNonOperatingIncome": "-5868000",
            "depreciation": "52959000",
            "depreciationAndAmortization": "55448000",
            "incomeBeforeTax": "448519000",
            "incomeTaxExpense": "71144000",
            "interestAndDebtExpense": "49576000",
            "netIncomeFromContinuingOperations": "377375000",
            "comprehensiveIncomeNetOfTax": "332496000",
            "ebit": "498095000",
            "ebitda": "553543000",
            "netIncome": "377375000"
        }
    ],
    "quarterlyReports": [
        {
            "fiscalDateEnding": "2023-01-31",
            "reportedCurrency": "USD",
            "grossProfit": "119807000",
            "totalRevenue": "599937000",
            "costOfRevenue": "480130000",
            "costofGoodsAndServicesSold": "281610000",
            "operatingIncome": "144219000",
            "sellingGeneralAndAdministrative": "184648000",
            "researchAndDevelopment": "None",
            "operatingExpenses": "198878000",
            "investmentIncomeNet": "587000",
            "netInterestIncome": "-10530000",
            "interestIncome": "587000",
            "interestExpense": "10530000",
            "nonInterestIncome": "610467000",
            "otherNonOperatingIncome": "-3196000",
            "depreciation": "12562000",
            "depreciationAndAmortization": "13872000",
            "incomeBeforeTax": "131080000",
            "incomeTaxExpense": "26819000",
            "interestAndDebtExpense": "10530000",
            "netIncomeFromContinuingOperations": "104261000",
            "comprehensiveIncomeNetOfTax": "180506000",
            "ebit": "141610000",
            "ebitda": "155482000",
            "netIncome": "104261000"
        },
        {
            "fiscalDateEnding": "2022-10-31",
            "reportedCurrency": "USD",
            "grossProfit": "152971000",
            "totalRevenue": "677790000",
            "costOfRevenue": "524819000",
            "costofGoodsAndServicesSold": "320398000",
            "operatingIncome": "177609000",
            "sellingGeneralAndAdministrative": "185574000",
            "researchAndDevelopment": "None",
            "operatingExpenses": "267398000",
            "investmentIncomeNet": "570000",
            "netInterestIncome": "-5665000",
            "interestIncome": "570000",
            "interestExpense": "5665000",
            "nonInterestIncome": "683455000",
            "otherNonOperatingIncome": "46247000",
            "depreciation": "12222000",
            "depreciationAndAmortization": "18847000",
            "incomeBeforeTax": "177540000",
            "incomeTaxExpense": "36291000",
            "interestAndDebtExpense": "5665000",
            "netIncomeFromContinuingOperations": "141249000",
            "comprehensiveIncomeNetOfTax": "151048000",
            "ebit": "183205000",
            "ebitda": "202052000",
            "netIncome": "141249000"
        },
        {
            "fiscalDateEnding": "2022-07-31",
            "reportedCurrency": "USD",
            "grossProfit": "166472000",
            "totalRevenue": "656391000",
            "costOfRevenue": "489919000",
            "costofGoodsAndServicesSold": "296544000",
            "operatingIncome": "184918000",
            "sellingGeneralAndAdministrative": "180666000",
            "researchAndDevelopment": "None",
            "operatingExpenses": "194163000",
            "investmentIncomeNet": "572000",
            "netInterestIncome": "-5737000",
            "interestIncome": "572000",
            "interestExpense": "5737000",
            "nonInterestIncome": "662128000",
            "otherNonOperatingIncome": "752000",
            "depreciation": "12178000",
            "depreciationAndAmortization": "12709000",
            "incomeBeforeTax": "180505000",
            "incomeTaxExpense": "38694000",
            "interestAndDebtExpense": "5737000",
            "netIncomeFromContinuingOperations": "141811000",
            "comprehensiveIncomeNetOfTax": "122439000",
            "ebit": "186242000",
            "ebitda": "198951000",
            "netIncome": "141811000"
        },
        {
            "fiscalDateEnding": "2022-04-30",
            "reportedCurrency": "USD",
            "grossProfit": "166040000",
            "totalRevenue": "630042000",
            "costOfRevenue": "464002000",
            "costofGoodsAndServicesSold": "277768000",
            "operatingIncome": "183973000",
            "sellingGeneralAndAdministrative": "173662000",
            "researchAndDevelopment": "None",
            "operatingExpenses": "186414000",
            "investmentIncomeNet": "419000",
            "netInterestIncome": "-5361000",
            "interestIncome": "419000",
            "interestExpense": "5361000",
            "nonInterestIncome": "635403000",
            "otherNonOperatingIncome": "-39764000",
            "depreciation": "12393000",
            "depreciationAndAmortization": "12572000",
            "incomeBeforeTax": "139267000",
            "incomeTaxExpense": "29633000",
            "interestAndDebtExpense": "5361000",
            "netIncomeFromContinuingOperations": "109634000",
            "comprehensiveIncomeNetOfTax": "97558000",
            "ebit": "144628000",
            "ebitda": "157200000",
            "netIncome": "109634000"
        },
        {
            "fiscalDateEnding": "2022-01-31",
            "reportedCurrency": "USD",
            "grossProfit": "136932000",
            "totalRevenue": "603323000",
            "costOfRevenue": "466391000",
            "costofGoodsAndServicesSold": "269032000",
            "operatingIncome": "155860000",
            "sellingGeneralAndAdministrative": "184274000",
            "researchAndDevelopment": "None",
            "operatingExpenses": "198023000",
            "investmentIncomeNet": "465000",
            "netInterestIncome": "-5650000",
            "interestIncome": "465000",
            "interestExpense": "5650000",
            "nonInterestIncome": "608973000",
            "otherNonOperatingIncome": "1292000",
            "depreciation": "12305000",
            "depreciationAndAmortization": "13085000",
            "incomeBeforeTax": "151967000",
            "incomeTaxExpense": "31558000",
            "interestAndDebtExpense": "5650000",
            "netIncomeFromContinuingOperations": "120409000",
            "comprehensiveIncomeNetOfTax": "110111000",
            "ebit": "157617000",
            "ebitda": "170702000",
            "netIncome": "120409000"
        },
        {
            "fiscalDateEnding": "2021-10-31",
            "reportedCurrency": "USD",
            "grossProfit": "126991000",
            "totalRevenue": "593905000",
            "costOfRevenue": "466914000",
            "costofGoodsAndServicesSold": "268097000",
            "operatingIncome": "151435000",
            "sellingGeneralAndAdministrative": "179715000",
            "researchAndDevelopment": "None",
            "operatingExpenses": "258282000",
            "investmentIncomeNet": "829000",
            "netInterestIncome": "-5281000",
            "interestIncome": "829000",
            "interestExpense": "5281000",
            "nonInterestIncome": "599186000",
            "otherNonOperatingIncome": "-6874000",
            "depreciation": "12940000",
            "depreciationAndAmortization": "19102000",
            "incomeBeforeTax": "140109000",
            "incomeTaxExpense": "29649000",
            "interestAndDebtExpense": "5281000",
            "netIncomeFromContinuingOperations": "110460000",
            "comprehensiveIncomeNetOfTax": "127420000",
            "ebit": "145390000",
            "ebitda": "164492000",
            "netIncome": "110460000"
        },
        {
            "fiscalDateEnding": "2021-07-31",
            "reportedCurrency": "USD",
            "grossProfit": "169456000",
            "totalRevenue": "640719000",
            "costOfRevenue": "471263000",
            "costofGoodsAndServicesSold": "281587000",
            "operatingIncome": "188276000",
            "sellingGeneralAndAdministrative": "176995000",
            "researchAndDevelopment": "None",
            "operatingExpenses": "190130000",
            "investmentIncomeNet": "492000",
            "netInterestIncome": "-6139000",
            "interestIncome": "492000",
            "interestExpense": "6139000",
            "nonInterestIncome": "646858000",
            "otherNonOperatingIncome": "-2232000",
            "depreciation": "14216000",
            "depreciationAndAmortization": "12681000",
            "incomeBeforeTax": "180397000",
            "incomeTaxExpense": "38215000",
            "interestAndDebtExpense": "6139000",
            "netIncomeFromContinuingOperations": "142182000",
            "comprehensiveIncomeNetOfTax": "142633000",
            "ebit": "186536000",
            "ebitda": "199217000",
            "netIncome": "142182000"
        },
        {
            "fiscalDateEnding": "2021-04-30",
            "reportedCurrency": "USD",
            "grossProfit": "146635000",
            "totalRevenue": "582399000",
            "costOfRevenue": "435764000",
            "costofGoodsAndServicesSold": "251839000",
            "operatingIncome": "166391000",
            "sellingGeneralAndAdministrative": "171308000",
            "researchAndDevelopment": "None",
            "operatingExpenses": "184226000",
            "investmentIncomeNet": "449000",
            "netInterestIncome": "-7139000",
            "interestIncome": "449000",
            "interestExpense": "7139000",
            "nonInterestIncome": "589538000",
            "otherNonOperatingIncome": "-3843000",
            "depreciation": "12700000",
            "depreciationAndAmortization": "12617000",
            "incomeBeforeTax": "155858000",
            "incomeTaxExpense": "31714000",
            "interestAndDebtExpense": "7139000",
            "netIncomeFromContinuingOperations": "124144000",
            "comprehensiveIncomeNetOfTax": "125586000",
            "ebit": "162997000",
            "ebitda": "175614000",
            "netIncome": "124144000"
        },
        {
            "fiscalDateEnding": "2021-01-31",
            "reportedCurrency": "USD",
            "grossProfit": "88652000",
            "totalRevenue": "519273000",
            "costOfRevenue": "430621000",
            "costofGoodsAndServicesSold": "236606000",
            "operatingIncome": "109025000",
            "sellingGeneralAndAdministrative": "180935000",
            "researchAndDevelopment": "None",
            "operatingExpenses": "194479000",
            "investmentIncomeNet": "380000",
            "netInterestIncome": "-6932000",
            "interestIncome": "380000",
            "interestExpense": "6932000",
            "nonInterestIncome": "526205000",
            "otherNonOperatingIncome": "-4661000",
            "depreciation": "12940000",
            "depreciationAndAmortization": "13080000",
            "incomeBeforeTax": "97812000",
            "incomeTaxExpense": "20230000",
            "interestAndDebtExpense": "6932000",
            "netIncomeFromContinuingOperations": "77582000",
            "comprehensiveIncomeNetOfTax": "109012000",
            "ebit": "104744000",
            "ebitda": "117824000",
            "netIncome": "77582000"
        },
        {
            "fiscalDateEnding": "2020-10-31",
            "reportedCurrency": "USD",
            "grossProfit": "296868000",
            "totalRevenue": "558525000",
            "costOfRevenue": "532520000",
            "costofGoodsAndServicesSold": "261657000",
            "operatingIncome": "37368000",
            "sellingGeneralAndAdministrative": "172129000",
            "researchAndDevelopment": "None",
            "operatingExpenses": "388000",
            "investmentIncomeNet": "380000",
            "netInterestIncome": "-6812000",
            "interestIncome": "380000",
            "interestExpense": "6812000",
            "nonInterestIncome": "558525000",
            "otherNonOperatingIncome": "-4634000",
            "depreciation": "19569000",
            "depreciationAndAmortization": "11363000",
            "incomeBeforeTax": "26302000",
            "incomeTaxExpense": "7827000",
            "interestAndDebtExpense": "6812000",
            "netIncomeFromContinuingOperations": "296868000",
            "comprehensiveIncomeNetOfTax": "3981000",
            "ebit": "33114000",
            "ebitda": "44477000",
            "netIncome": "18475000"
        },
        {
            "fiscalDateEnding": "2020-07-31",
            "reportedCurrency": "USD",
            "grossProfit": "280808000",
            "totalRevenue": "530867000",
            "costOfRevenue": "444482000",
            "costofGoodsAndServicesSold": "257373000",
            "operatingIncome": "112055000",
            "sellingGeneralAndAdministrative": "168753000",
            "researchAndDevelopment": "None",
            "operatingExpenses": "187109000",
            "investmentIncomeNet": "434000",
            "netInterestIncome": "-7314000",
            "interestIncome": "434000",
            "interestExpense": "7314000",
            "nonInterestIncome": "538181000",
            "otherNonOperatingIncome": "-9668000",
            "depreciation": "11923000",
            "depreciationAndAmortization": "18356000",
            "incomeBeforeTax": "95507000",
            "incomeTaxExpense": "8526000",
            "interestAndDebtExpense": "7314000",
            "netIncomeFromContinuingOperations": "86981000",
            "comprehensiveIncomeNetOfTax": "118545000",
            "ebit": "102821000",
            "ebitda": "121177000",
            "netIncome": "86981000"
        },
        {
            "fiscalDateEnding": "2020-04-30",
            "reportedCurrency": "USD",
            "grossProfit": "289598000",
            "totalRevenue": "521185000",
            "costOfRevenue": "420908000",
            "costofGoodsAndServicesSold": "239880000",
            "operatingIncome": "125029000",
            "sellingGeneralAndAdministrative": "164569000",
            "researchAndDevelopment": "None",
            "operatingExpenses": "181028000",
            "investmentIncomeNet": "278000",
            "netInterestIncome": "-8293000",
            "interestIncome": "278000",
            "interestExpense": "8293000",
            "nonInterestIncome": "529478000",
            "otherNonOperatingIncome": "-429000",
            "depreciation": "12386000",
            "depreciationAndAmortization": "16459000",
            "incomeBeforeTax": "116585000",
            "incomeTaxExpense": "24506000",
            "interestAndDebtExpense": "8293000",
            "netIncomeFromContinuingOperations": "92079000",
            "comprehensiveIncomeNetOfTax": "74750000",
            "ebit": "124878000",
            "ebitda": "141337000",
            "netIncome": "92079000"
        },
        {
            "fiscalDateEnding": "2020-01-31",
            "reportedCurrency": "USD",
            "grossProfit": "263194000",
            "totalRevenue": "485067000",
            "costOfRevenue": "437710000",
            "costofGoodsAndServicesSold": "231722000",
            "operatingIncome": "75093000",
            "sellingGeneralAndAdministrative": "188101000",
            "researchAndDevelopment": "None",
            "operatingExpenses": "206097000",
            "investmentIncomeNet": "588000",
            "netInterestIncome": "-9740000",
            "interestIncome": "588000",
            "interestExpense": "9740000",
            "nonInterestIncome": "494807000",
            "otherNonOperatingIncome": "-2846000",
            "depreciation": "12445000",
            "depreciationAndAmortization": "17887000",
            "incomeBeforeTax": "63095000",
            "incomeTaxExpense": "11091000",
            "interestAndDebtExpense": "9740000",
            "netIncomeFromContinuingOperations": "52004000",
            "comprehensiveIncomeNetOfTax": "58026000",
            "ebit": "72835000",
            "ebitda": "90722000",
            "netIncome": "52004000"
        },
        {
            "fiscalDateEnding": "2019-10-31",
            "reportedCurrency": "USD",
            "grossProfit": "318975000",
            "totalRevenue": "585451000",
            "costOfRevenue": "458916000",
            "costofGoodsAndServicesSold": "266476000",
            "operatingIncome": "139660000",
            "sellingGeneralAndAdministrative": "179315000",
            "researchAndDevelopment": "None",
            "operatingExpenses": "254612000",
            "investmentIncomeNet": "691000",
            "netInterestIncome": "-10907000",
            "interestIncome": "691000",
            "interestExpense": "10907000",
            "nonInterestIncome": "585451000",
            "otherNonOperatingIncome": "-2162000",
            "depreciation": "None",
            "depreciationAndAmortization": "13125000",
            "incomeBeforeTax": "127282000",
            "incomeTaxExpense": "24609000",
            "interestAndDebtExpense": "10907000",
            "netIncomeFromContinuingOperations": "318975000",
            "comprehensiveIncomeNetOfTax": "44551000",
            "ebit": "138189000",
            "ebitda": "151314000",
            "netIncome": "102673000"
        },
        {
            "fiscalDateEnding": "2019-07-31",
            "reportedCurrency": "USD",
            "grossProfit": "302623000",
            "totalRevenue": "548246000",
            "costOfRevenue": "443373000",
            "costofGoodsAndServicesSold": "257123000",
            "operatingIncome": "130276000",
            "sellingGeneralAndAdministrative": "172347000",
            "researchAndDevelopment": "None",
            "operatingExpenses": "186250000",
            "investmentIncomeNet": "511000",
            "netInterestIncome": "-11500000",
            "interestIncome": "511000",
            "interestExpense": "11500000",
            "nonInterestIncome": "559746000",
            "otherNonOperatingIncome": "210000",
            "depreciation": "None",
            "depreciationAndAmortization": "13903000",
            "incomeBeforeTax": "119497000",
            "incomeTaxExpense": "25569000",
            "interestAndDebtExpense": "11500000",
            "netIncomeFromContinuingOperations": "93928000",
            "comprehensiveIncomeNetOfTax": "89134000",
            "ebit": "130997000",
            "ebitda": "144900000",
            "netIncome": "93928000"
        },
        {
            "fiscalDateEnding": "2019-04-30",
            "reportedCurrency": "USD",
            "grossProfit": "301529000",
            "totalRevenue": "538747000",
            "costOfRevenue": "436356000",
            "costofGoodsAndServicesSold": "249590000",
            "operatingIncome": "128896000",
            "sellingGeneralAndAdministrative": "172633000",
            "researchAndDevelopment": "None",
            "operatingExpenses": "186766000",
            "investmentIncomeNet": "325000",
            "netInterestIncome": "-12372000",
            "interestIncome": "11420000",
            "interestExpense": "12372000",
            "nonInterestIncome": "551119000",
            "otherNonOperatingIncome": "-568000",
            "depreciation": "None",
            "depreciationAndAmortization": "14133000",
            "incomeBeforeTax": "116281000",
            "incomeTaxExpense": "24358000",
            "interestAndDebtExpense": "12372000",
            "netIncomeFromContinuingOperations": "91923000",
            "comprehensiveIncomeNetOfTax": "84457000",
            "ebit": "128653000",
            "ebitda": "142786000",
            "netIncome": "91923000"
        },
        {
            "fiscalDateEnding": "2019-01-31",
            "reportedCurrency": "USD",
            "grossProfit": "268976000",
            "totalRevenue": "484070000",
            "costOfRevenue": "427258000",
            "costofGoodsAndServicesSold": "228934000",
            "operatingIncome": "84281000",
            "sellingGeneralAndAdministrative": "184695000",
            "researchAndDevelopment": "None",
            "operatingExpenses": "199799000",
            "investmentIncomeNet": "316000",
            "netInterestIncome": "-12365000",
            "interestIncome": "None",
            "interestExpense": "12365000",
            "nonInterestIncome": "496435000",
            "otherNonOperatingIncome": "-4189000",
            "depreciation": "None",
            "depreciationAndAmortization": "13629000",
            "incomeBeforeTax": "68043000",
            "incomeTaxExpense": "19476000",
            "interestAndDebtExpense": "12365000",
            "netIncomeFromContinuingOperations": "48567000",
            "comprehensiveIncomeNetOfTax": "66382000",
            "ebit": "80408000",
            "ebitda": "94037000",
            "netIncome": "48567000"
        },
        {
            "fiscalDateEnding": "2018-10-31",
            "reportedCurrency": "USD",
            "grossProfit": "307864000",
            "totalRevenue": "569295000",
            "costOfRevenue": "261431000",
            "costofGoodsAndServicesSold": "261431000",
            "operatingIncome": "116795000",
            "sellingGeneralAndAdministrative": "191069000",
            "researchAndDevelopment": "58806000",
            "operatingExpenses": "266616000",
            "investmentIncomeNet": "519000",
            "netInterestIncome": "-12366000",
            "interestIncome": "None",
            "interestExpense": "12366000",
            "nonInterestIncome": "569295000",
            "otherNonOperatingIncome": "-761000",
            "depreciation": "None",
            "depreciationAndAmortization": "13351000",
            "incomeBeforeTax": "104188000",
            "incomeTaxExpense": "17486000",
            "interestAndDebtExpense": "12366000",
            "netIncomeFromContinuingOperations": "307738000",
            "comprehensiveIncomeNetOfTax": "41767000",
            "ebit": "116554000",
            "ebitda": "129905000",
            "netIncome": "86702000"
        },
        {
            "fiscalDateEnding": "2018-07-31",
            "reportedCurrency": "USD",
            "grossProfit": "320476000",
            "totalRevenue": "581243000",
            "costOfRevenue": "260767000",
            "costofGoodsAndServicesSold": "260767000",
            "operatingIncome": "137542000",
            "sellingGeneralAndAdministrative": "182934000",
            "researchAndDevelopment": "None",
            "operatingExpenses": "198856000",
            "investmentIncomeNet": "356000",
            "netInterestIncome": "-13765000",
            "interestIncome": "None",
            "interestExpense": "13765000",
            "nonInterestIncome": "581243000",
            "otherNonOperatingIncome": "-1438000",
            "depreciation": "None",
            "depreciationAndAmortization": "14036000",
            "incomeBeforeTax": "122695000",
            "incomeTaxExpense": "27811000",
            "interestAndDebtExpense": "13765000",
            "netIncomeFromContinuingOperations": "94884000",
            "comprehensiveIncomeNetOfTax": "71319000",
            "ebit": "136460000",
            "ebitda": "150496000",
            "netIncome": "94884000"
        },
        {
            "fiscalDateEnding": "2018-04-30",
            "reportedCurrency": "USD",
            "grossProfit": "307015000",
            "totalRevenue": "553706000",
            "costOfRevenue": "246691000",
            "costofGoodsAndServicesSold": "246691000",
            "operatingIncome": "128892000",
            "sellingGeneralAndAdministrative": "178123000",
            "researchAndDevelopment": "None",
            "operatingExpenses": "194295000",
            "investmentIncomeNet": "219000",
            "netInterestIncome": "-12127000",
            "interestIncome": "None",
            "interestExpense": "12127000",
            "nonInterestIncome": "553706000",
            "otherNonOperatingIncome": "1135000",
            "depreciation": "None",
            "depreciationAndAmortization": "14172000",
            "incomeBeforeTax": "118119000",
            "incomeTaxExpense": "26884000",
            "interestAndDebtExpense": "12127000",
            "netIncomeFromContinuingOperations": "91235000",
            "comprehensiveIncomeNetOfTax": "74763000",
            "ebit": "130246000",
            "ebitda": "144418000",
            "netIncome": "91235000"
        }
    ]
}